
% Keywords ABBREVIATIONS
@string{OMG = "Object Management Group"}
@string{CORBA = "Common Object Request Broker Architecture"}
@string{IDL = "Interface Definition Language"}

% journal ABBREVIATIONS

@string{CACM = "Communications of the {ACM}"}
@string{SPE = "Software Practice and Experience"}
@string{SIGPLAN = "ACM SIGPLAN Notices"}
@string{LNCS = "Lecture Notes in Computer Science"}

% PUBLISHER + ADDRESS ABBREVIATIONS

@string{ACM = "ACM Press"}
@string{Wiley = "Wiley"}
@string{SV = "Springer-Verlag"}

% INSTITUTION ABBREVIATIONS

@string{DECWRL = "DEC Western Research Laboratory, Palo Alto, CA"}
@string{PARC = "Xerox PARC, Palo Alto, CA"}
@string{NAG = "Numerical Algorithms Group, Inc."}
@string{NAG:adr = "Downer's Grove, IL, USA and Oxford, UK"}
@string{OMG = "Object Management Group, Inc."}

\cite{frisco}
\cite{aldor}
\cite{friscotechrep}
\cite{friscoug}
\cite{Manual}
\cite{d222b}


@BOOK{aldor,
        AUTHOR = {Stephen M. Watt and Peter A. Broadbery and Samuel S. Dooley and Pietro Iglio and Scott C. Morrison and Jonathan M. Steinbach and Robert S. Sutor},
        TITLE = {{AXIOM} {L}ibrary {C}ompiler {U}ser {G}uide},
        YEAR = 1994,
        PAGES = {507},
        ISBN = {1-85206-106-5},
        PUBLISHER = {Numerical Algorithms Group (ISBN 1-85206-106-5)} }

@BOOK{stepanov:stl,
        AUTHOR = {David R. Musser, Gillmer J. Derge, Atul Saini},
        TITLE = {{STL} {T}utorial and {R}eference {G}uide, {S}econd {E}dition},
        YEAR = 2001,
        PAGES = {509},
        ISBN = {0-201-37923-6},
        PUBLISHER = {Addison-Wesley (ISBN 0-201-37923-6)} }


@BOOK{siegel:corba,
        AUTHOR = {Jon Siegel},
        TITLE = {{CORBA} 3 {F}undamentals and {P}rogramming},
        YEAR = 2000,
        PAGES = {899},
	NOTE = {"Wiley computer publishing."},
        KEYWORDS = {CORBA},
        ISBN = {0471295183},
        PUBLISHER = {John {W}iley and {S}ons} }
	

@BOOK{farley:javacorba,
        AUTHOR = {Jim Farley},
        TITLE = {{J}ava {D}istributed {C}omputing},
        YEAR = 1998,
        PAGES = {382},
	NOTE = {"Wiley computer publishing."},
        KEYWORDS = {CORBA, JAVA},
        ISBN = {1-56592-206-9},
        PUBLISHER = {O'{R}eilly} }


@BOOK{nelson:modula,
        AUTHOR = {Greg Nelson},
        TITLE = {Systems {P}rogramming with {MODULA}-3},
        YEAR = 1991,
        PAGES = {267},
        ISBN = {0-13-590464-1},
        PUBLISHER = {Prentice Hall} }

@BOOK{ledgard:adaintrod,
        AUTHOR = {Henry Ledgard},
        TITLE = {{ADA} {A}n {I}ntroduction},
        YEAR = 1980,
        ISBN = {0-387-90568-5},
        PUBLISHER = {Springer: Berlin ; New York} }

@BOOK{ledgard:adaintrod,
        AUTHOR = {Henry Ledgard},
        TITLE = {{ADA} {A}n {I}ntroduction},
        YEAR = 1980,
        ISBN = {0-387-90568-5},
        PUBLISHER = {Springer-Verlag, New York} }


@BOOK{ledgard:adast,
        AUTHOR = {Henry Ledgard},
        TITLE = {{ADA} {A}n {I}ntroduction/{ADA} {R}eference {M}anual},
        YEAR = 1981,
        ISBN = {3-540-90568-5},
        PUBLISHER = {Springer-Verlag, New York} }


@BOOK{felleisen:ml,
        AUTHOR = {Matthias Felleisen and Daniel P. Friedman},
        TITLE = {The {L}ittle {ML}er},
        YEAR = 1998,
        PAGES = {182},
        ISBN = {0-262-56114-X},
        PUBLISHER = {The {MIT} {P}ress} }


@TECHREPORT{OMGsIDL:spec,
        AUTHOR = "OMG",
        TITLE = "{C}ommon {O}bject {R}equest {B}roker {A}rchitecture --- {OMG} {IDL} {S}yntax and {S}emantics",
	YEAR = 2000,
        INSTITUTION = "OMG Specification",
        TYPE = "Revision2.4 ({O}ctober 2000)" }
	
@TECHREPORT{OMGsORB:spec,
        AUTHOR = "OMG",
        TITLE = "{C}ommon {O}bject {R}equest {B}roker: {A}rchitecture and {S}pecification",
	YEAR = 2000,
        INSTITUTION = "OMG Specification",
        TYPE = "Revision2.4 ({O}ctober 2000)" }

@Misc{dcom,
  author = 	 {Microsoft},
  title = 	 {An {I}ntroduction to {M}icrosoft .{NET} {R}emoting {F}ramework. \\ 
  http://msdn.microsoft.com/library/default.asp?url=/library/en-us/dndotnet/html/introremoting.asp},
  publisher = {Microsoft Corporation},
  OPTmonth = 	 {july},
  OPTyear = 	 {2001},
URL = "http://msdn.microsoft.com/library/default.asp?url=/library/en-us/dndotnet/html/introremoting.asp"
}

@Misc{corba:tutorial,
  author = 	 {Kate Keahey},
  title = 	 {A {B}rief {T}utorial on {CORBA}, \\ http://www.cs.indiana.edu/~kksiazek/tuto.html},
  publisher = {www},
  OPTmonth = 	 {july},
  OPTyear = 	 {2001},
  URL = "http://www.cs.indiana.edu/hyplan/kksiazek.html"
}

@BOOK{CHcorresp:Curry,
        AUTHOR = {Haskel B. Curry and Robert Feys},
        TITLE = {Combinatory Logic, volume 1},
        YEAR = 1968,
        PUBLISHER = {North Holland, second edition}
}

@INPROCEEDINGS{CHcorresp:Howard,
        AUTHOR = "William A. Howard",
        TITLE = "The formulas-as-types notion of construction",
        BOOKTITLE = "To H.B. Curry: Essays on Combinatory Logic, Lambda Calculus, and Formalism",
   	PUBLISHER = "{Academic Press, New York}",
        PAGES = "479-490",
        YEAR = 1980 }

	
@INPROCEEDINGS{odersky:GJ,
        AUTHOR = "M. Odersky and P. Wadler and G. Bracha and D. Stoutamire",
        TITLE = "{M}aking the {F}uture {S}afe for the {P}ast: {A}dding {G}enericity to the {J}ava {P}rogramming {L}anguage",
        BOOKTITLEOPT = "ICMS'2002 Proceedings",
	BOOKTITLE = "{A}{C}{M} {S}ymposium on {O}bject {O}riented {P}rogramming: {S}ystems, {L}anguages, and {A}pplications (OOPSLA)",
	EDITOR = "Craig Chambers",
        PAGES = "183--200",
        YEAR = 1998 }
	
@INPROCEEDINGS{syme:CIL,
        AUTHOR = "Andrew Kennedy and Don Syme",
        TITLE = "{D}esign and {I}mplementation of {G}enerics for the .{NET} {C}ommon {L}anguage {R}untime",
	BOOKTITLE = "Proceedings of the ACM SIGPLAN 2001 conference",
	YEAR = 2000
}


@INPROCEEDINGS{natali:GJ,
        AUTHOR = "Mirko Viroli and Antonio Natali",
        TITLE = "{P}arametric {P}olymorphism in {J}ava: an {A}pproach to {T}ranslation {B}ased on {R}eflective {F}eatures",
        BOOKTITLE = "OOPSLA'00 Proceedings",
   PUBLISHER = "{ACM}",
        PAGES = "146-165",
        YEAR = 2000 }

@INPROCEEDINGS{cartwright:NextGen,
        AUTHOR = "R. Cartwright and G. L. Steele",
        TITLE = "Compatible {G}enericity with {R}un {T}ime {T}ypes for the {J}ava {P}rogramming {L}anguage",
        BOOKTITLE = "OOPSLA'00 Proceedings",
   PUBLISHER = "{ACM}",
        YEAR = 2000 }
	
@INPROCEEDINGS{odersky:Pizza,
        AUTHOR = "M. Odersky and P. Wadler and G. Bracha and D. Stoutamire",
        TITLE = "{P}izza into {J}ava: {T}ranslating {T}heory into {P}ractice",
        BOOKTITLE = "24th ACM Symposium on Principles of Programming Languages",
        PUBLISHER = "{ACM}",
	PAGES = "146-159",
        YEAR = 1997 }


@INPROCEEDINGS{navarre:oopsla,
        AUTHOR = "Remi Bastide and Philippe Palanque and Ousmane Sy and David Navarre",
        TITLE = "Formal {S}pecification of {CORBA} {S}ervices: {E}xperience and {L}essons {L}earned",
	BOOKTITLE = "OOPSLA'00 Proceedings",
        PAGES = "105--117",
   PUBLISHER = "{ACM}",
	YEAR = 2000 }

@INPROCEEDINGS{MacQueen:1988,
	AUTHOR = "D. MacQueen",
	TITLE = "An {I}mplementation of {SML} {M}odules",
	BOOKTITLE = "Conference on Lisp and Functional Programming",
	PAGES = "212-223",
   PUBLISHER = "{ACM}",
	YEAR = "1988"
}


@InProceedings{Asharp,
   title = "A {F}irst {R}eport on the ${A}^\sharp$ {C}ompiler",
   author = "S.M. Watt and P.A. Broadbery and S.S. Dooley and P. Iglio and J.M. Steinbach and R.S. Sutor",
   BOOKTITLE = "ISSAC 94 Proceedings",
   pages = "25--31",
   PUBLISHER = "{ACM}",
   YEAR = "1994"
}


@techreport{frisco1:1999,
 author = {Y. Chicha and F. Defaix and S. Watt},
 title = {{TR536} - {A} {C}++ to {XML} {T}ranslator},
 institution = {Computer Science Department - The University of Western Ontario},
 year = 1999
}

@techreport{friscoug,
 author = {Y. Chicha and F. Defaix and S. Watt},
 title = {{TR537} - {T}he {A}ldor/{C}++ {I}nterface: {U}ser's {G}uide},
 institution = {Computer Science Department - The University of Western Ontario},
 year = 1999
}


@techreport{friscotechrep,
 author = {Y. Chicha and F. Defaix and S. Watt},
 title = {{TR538} - {T}he {A}ldor/{C}++ {I}nterface:  {T}echnical {R}eference},
 institution = {Computer Science Department - The University of Western Ontario},
 year = 1999
}
@article{OpenMath,
 author = "OpenMath",
 title = "{S}pecial {I}ssue on {O}pen{M}ath",
 volume = "34",
 number = "2",
 issue = "132",
 month = "June",
 year = "2000",
 journal = "ACM SIGSAM Bulletin"
}

@misc{frisco:page,
title = "The {FRISCO} {P}roject, \\ http://www.nag.co.uk/projects/FRISCO.html",
author = NAG,
URL = {http://www.nag.co.uk/projects/FRISCO.html},
comment = "Still valid on August 31st, 2005"
}


@misc{paraldor:page,
title = "{Y}et {A}nother {P}araldor {W}eb {P}age",
author = "B\'alint Jo\'o",
URL = {http://www.ph.ed.ac.uk/~bj/paraldor/WWW},
comment = "Still valid on August 31st, 2005"
}


@misc{JNI:page,
title = "{J}ava {N}ative {I}nterface {H}omepage, \\ http://java.sun.com/j2se/1.4.2/docs/guide/jni/",
author = "Sun",
URL = {http://java.sun.com/j2se/1.4.2/docs/guide/jni/},
comment = "Still valid on August 31st, 2005"
}

@misc{ntl,
title = "{NTL}: {A} {L}ibrary for {D}oing {N}umber {T}heory, \\ http://www.shoup.net/ntl/doc/tour.html",
author = "Victor Shoup",
URL = {http://www.shoup.net/ntl/doc/tour.html},
comment = "Still valid on July 30st, 2005"
}

@INPROCEEDINGS{linbox,
        AUTHOR = "J. G. Dumas and T. Gautier and M. Giesbrecht and P. Giorgi and B. Hovinen and E. Kaltofen and B. D. Saunders and W. J. Turner and G. Villard.",
        TITLE = "{L}in{B}ox: {A} {G}eneric {L}ibrary for {E}xact {L}inear {A}lgebra.",
        BOOKTITLE = "Proc. of ICMS",
        PUBLISHER = "{World Scientific Pub}",
        PAGES = "40-50",
        YEAR = 2002 }

@INPROCEEDINGS{JavaAppraisement,
	AUTHOR = "Laurent Bernardin and Bruce Char and Erich Kaltofen",
	TITLE  = "{S}ymbolic {C}omputation in {J}ava: {A}n {A}ppraisement",
	BOOKTITLE = "Proc. ISSAC 1999",
	PUBLISHER = "ACM",
	YEAR = "1999",
	PAGES = "237--244"
}

@INPROCEEDINGS{AldorCAH,
        AUTHOR = "S. M. Watt",
        TITLE = "Aldor",
        BOOKTITLE = "{H}andbook of {C}omputer {A}lgebra",
        EDITOR = "J. Grabmeier and E. Kaltofen and V. Weispfenning",
        PAGES = "154-160",
        YEAR = 2003 }


@INPROCEEDINGS{stephenGC,
        AUTHOR = "S. M. Watt",
        TITLE  = "{A} {S}tudy in the {I}ntegration of {C}omputer {A}lgebra {S}ystems: {M}emory {M}anagement in a {M}aple-{A}ldor {E}nvironment",
        BOOKTITLE = "Proc. International Congress of Mathematical Software",
        PAGES = "405--411",
        YEAR  = 2002 }

@INPROCEEDINGS{mapal_eaca,
	AUTHOR = {C. Oancea and S. M. Watt},
        TITLE = "A {F}ramework for {U}sing {A}ldor {L}ibraries with {M}aple",
        BOOKTITLE = "Actas de los Encuentros de Algebra Computacional y Aplicaciones",
        PAGES = "219-224",
        YEAR = 2004 }

@INPROCEEDINGS{mapal_synasc,
        AUTHOR = {Y. Chicha and M. Lloyd and C. Oancea and S. M. Watt},
        TITLE = {Parametric {P}olymorphism for {C}omputer {A}lgebra {S}oftware {C}omponents}, 
        BOOKTITLE = {Proc. 6th International Symposium on Symbolic and Numeric Algorithms for Scientific Comput.},
        PAGES = {119-130},
	PUBLISHER = {Mirton Publishing House},
        YEAR = "2004" }

@BOOK{maple_guide,
        AUTHOR = {M. B. Monagan and K. O. Geddes and K. M. Heal and G. Labahn and S. M. Vorkoetter and J. McCarron and P. DeMarco},
        TITLE = {{M}aple~9 {A}dvanced {P}rogramming {G}uide},
        YEAR = 2003,
        ISBN = {1-894511-44-1},
        PUBLISHER = {Maplesoft} }
	
@INPROCEEDINGS{Sumit,
 author = {M. Bronstein},
 title = {{SUM-IT}: {A} {S}trongly-{T}yped {E}mbeddable {C}omputer {A}lgebra {L}ibrary},
 BOOKTITLE= {Proceedings of DISCO'96, Karlsruhe},
 PUBLISHER = {Springer LNCS 1128},
 YEAR = "1996"
}

@techreport{Triade,
 author = {M. {Moreno Maza}},
 title = {{T}echnical {R}eport {T}{R} 4/99, {O}n {T}riangular {D}ecompositions of {A}lgebraic {V}arieties},
 institution ={NAG Ltd, Oxford, UK},
 YEAR = "1999" 
}



@InProceedings{softwarebus,
   title = "{A}pplications of a {S}oftware {I}nterconnection {S}ystem in {M}athematical {P}roblem {S}olving {E}nvironments",
   author = "James Purtilo",
   BOOKTITLE = "Symposium on Symbolic and Algebraic Manipulation (SYMSAC 86)",
   pages = "16--23",
   PUBLISHER = "{ACM}",
   YEAR = "1986"
}


	
@misc{aldor:page,
AUTHOR = {{S}ymbolic {C}omputation {L}ab -- {U}.{W}.{O}.},
TITLE = {{A}ldor {H}omepage: http://www.aldor.org/},
URL = {http://www.aldor.org/},
comment = "Still valid on August 29th, 2005"
}


@BOOK{red_dragon,
        AUTHOR = {Alfred V. Aho and Ravi Sethi and Jeffrey D. Ullman},
        TITLE = {Compilers, {P}rinciples, {T}echniques, and {T}ools},
        YEAR = 1988,
        ISBN = {0-201-10088-6},
        PUBLISHER = {Addison Wesley Longman} }





@inproceedings{jalapeno,
 author = {M. G. Burke and J. D. Choi and S. Fink and D. Grove and M. Hind and V. Sarkar and 
M. J. Serrano and V. C. Sreedhar and H. Srinivasan and J. Whaley},
 title = {The {J}alapeno {D}ynamic {O}ptimizing {C}ompiler for {J}ava},
 booktitle = {JAVA '99: Proceedings of the ACM 1999 conference on Java Grande},
 year = {1999},
 isbn = {1-58113-161-5},
 pages = {129--141},
 location = {San Francisco, California, United States},
 doi = {http://doi.acm.org/10.1145/304065.304113},
 publisher = {ACM Press},
}


@inproceedings{spec_buffer,
 author = {M. Prvulovic and M. J. Garzar and L. Rauchwerger and J. Torrellas},
 title = {Removing {A}rchitectural {B}ottlenecks to the {S}calability of {S}peculative {P}arallelization},
 booktitle = {ISCA '01: Proceedings of the 28th annual international symposium on Computer architecture},
 year = {2001},
 isbn = {0-7695-1162-7},
 pages = {204--215},
 location = {Göteborg, Sweden},
 doi = {http://doi.acm.org/10.1145/379240.379264},
 publisher = {ACM Press},
 }

 @INPROCEEDINGS{alma:ISSAC,
	AUTHOR = {C. E. Oancea and S. M. Watt},
        TITLE = "{D}omains and {E}xpressions: {A}n {I}nterface between {T}wo {A}pproaches to {C}omputer {A}lgebra",
        BOOKTITLE = "Proceedings of the ACM ISSAC 2005",
	pages = {261--269},
        URL = {http://www.csd.uwo.ca/~coancea/Publications},
        YEAR = 2005 
}

@INPROCEEDINGS{gidl_oopsla,
	AUTHOR = {C. E. Oancea and S. M. Watt},
        TITLE = "{P}arametric {P}olimorphism for {S}oftware {C}omponent {A}rchitectures",
        BOOKTITLE = "Proceedings of the ACM OOPSLA",
        URL = {http://www.csd.uwo.ca/~coancea/Publications},
        YEAR = 2005 
}

@INPROCEEDINGS{jaycos:DTLS,
	AUTHOR = {C. E. Oancea and J. W. A. Selby and M. Giesbrecht and S. M. Watt},
	TITLE = "Distributed {M}odels of {T}hread-{L}evel {S}peculation",
	BOOKTITLE = "Proceedings of the PDPTA'05",
	pages = {920--927},
	URL = {http://www.csd.uwo.ca/~coancea/Publications},
	YEAR = 2005
}


@misc{comdcom+,
	AUTHOR = "Sami Vaisanen",
	TITLE = "{M}icrosoft {C}omponent {T}echnology {C}oncepts: {A}ctive{X}, {COM}, {DCOM}, {COM}+",
	URL = {http://tols17.oulu.fi/~svaisane/texts/microsoft_components_0.2.pdf},
	YEAR = 2005
}

@misc{dcomMicrosoft,
	AUTHOR = "Microsoft Corporation",
	TITLE = "{DCOM} {T}echnical {O}verview. \\ http://msdn.microsoft.com/library/default.asp?url=/library/en-us/dndcom/html/msdn\_dcomtec.asp",
	URL = {http://msdn.microsoft.com/library/default.asp?url=/library/en-us/dndcom/html/msdn_dcomtec.asp},
	YEAR = 1996
}


@BOOK{dotNetSecurity,
        AUTHOR = {Donis Marshall},
        TITLE = {.{NET} {S}ecurity {P}rogramming},
        YEAR = 2003,
        ISBN = {0-471-22285-2},
        PAGESOPT = {496},
        URLOPT   = {http://www.codeguru.com/Csharp/sample_chapter/article.php/c8245/},
        PUBLISHER = {Wiley} }


@INPROCEEDINGS{cardelli:typeSys,
	AUTHOR = {Luca Cardelli},
        TITLE = "{T}ype {S}ystems",
        BOOKTITLE = "Handbook of Computer Science and Engineering, Chapter 103",
        YEAR = 1997 
}

@BOOK{pierce:typesPrgLg,
        AUTHOR = {Benjamin C. Pierce},
        TITLE = {{T}ypes and {P}rogramming {L}anguages},
        YEAR = 2002,
        ISBN = {0-262-16209-1},
        PAGESOPT = {623},
        URLOPT   = {http://www.codeguru.com/Csharp/sample_chapter/article.php/c8245/},
        PUBLISHER = {The MIT Press} }

@INPROCEEDINGS{cpphist:strou,
	AUTHOR = {Bjarne Stroustrup},
        TITLE = "A {H}istory of {C}++: 1979-1991",
        BOOKTITLE = "Paper and talk transcript from History of Programming Languages II conference",
        YEAR = 1993 
}

@BOOK{cppintro:cohoon,
        AUTHOR = {James P. Cohoon and Jack W. Davidson},
        TITLE = {C++ {P}rogram {D}esign: {A}n {I}ntroduction to {P}rogramming 
and Object-Oriented Design, 2nd Edition},
        YEAR = 1999,
        PUBLISHER = {Boston: McGraw-Hill} }

@INPROCEEDINGS{milner:tsml,
	AUTHOR = {Robin Milner},
        TITLE = "A {T}heory of {T}ype {P}olymorphism in {P}rogramming.",
        BOOKTITLE = "Journal of Computer and System Sciences, Vol. 17",
	PAGES = {348-375},
        YEAR = 1978
} 


@INPROCEEDINGS{girard:1972,
	AUTHOR = {Jean Yves Girard},
        TITLE = "Interpretation {F}onctionnelle et {E}limination des {C}oupures de l'{A}rithmetique d'{O}rdre {S}uperieur",
        BOOKTITLE = "Proceedings of the Second Scandinavian Logic Symposium",
	PAGES = "63-92",
        PUBLISHER = "North-Holland",
	YEAR = "1971"
}

@INPROCEEDINGS{reynolds:1974,
	AUTHOR = {John C Reynolds},
        TITLE = "{T}owards a {T}heory of {T}ype {S}tructure",
        BOOKTITLE = "Proc. Colloque sur la Programmation",
	PAGES = "408-425",
        PUBLISHER = "Springer-Verlag LNCS 19",
	YEAR = "1974"
}

@BOOK{reynolds:1998,
	AUTHOR = {John C Reynolds},
        TITLE = "{T}heories of {P}rogramming {L}anguages",
        PUBLISHER = "Cambridge University Press",
	YEAR = "1998"
}

@INPROCEEDINGS{cardelli:1985,
	AUTHOR = {Luca Cardelli},
        TITLE = "{B}asic {P}olymorphism {T}ypechecking",
        BOOKTITLE = "Science of Computer Programming",
	PAGES = "8 (2): 147-172",
	YEAR = "April 1987"
}

@INPROCEEDINGS{HindleyMilnerTS,
	AUTHOR = {Luis Damas and Robin Milner},
        TITLE = "Principal {T}ype-{S}chemes for {F}unctional {P}rograms",
        BOOKTITLE = "ACM Symposium on Principles of Programming Languages (POPL)",
	PAGES = "207-212",
	YEAR = "1982"
}

@INPROCEEDINGS{canning:Fbound,
	AUTHOR = {Peter Canning and William Cook and Walter Hill and Walter Olthoff},
        TITLE = "F-{B}ounded {P}olymorphism for {O}bject {O}riented {P}rogramming",
        BOOKTITLE = "ACM Symposium on Functional Programming Languages and Computer Architecture (FPCA)",
	PAGES = "273-280",
	YEAR = "1989"
}

@INPROCEEDINGS{csharp,
	AUTHOR = {Dachuan Yu and Andrew Kennedy and Don Syme},
        TITLE = "{F}ormalization of {G}enerics for the .{NET} {C}ommon {L}anguage {R}untime",
        BOOKTITLE = "ACM SIGPLAN-SIGACT Symposium on Principles of Programming Languages (POPL)",
	YEAR = "2004"
}

@INPROCEEDINGS{McCracken:1984,
	AUTHOR = {N. McCracken},
        TITLE = "The {T}ypechecking of {P}rograms with {I}mplicit {T}ype {S}tructure",
        BOOKTITLE = "Semantics of Data Types, LNCS n.173",
	PAGES = "301-316",
	PUBLISHER = "Springer-Verlag",
	YEAR = "1984"
}

@INPROCEEDINGS{Jones:93,
	AUTHOR = {M. P. Jones},
        TITLE = "A {S}ystem of {C}onstructor {C}lasses: {O}verloading and {I}mplicit {H}igher-{O}rder {P}olymorphism",
        BOOKTITLE = "Proc. Functional Programming Languages and Computer Architecture",
	PAGES = "52-61",
	PUBLISHER = "ACM",
	YEAR = "1993"
}

@BOOK{Liskov:1981,
	AUTHOR = {Barbara Liskov and Russell Atkinson and Toby Bloom and Elliott Moss and J. Craig Schaffert and Robert Scheifler and Alan Snyder},
        TITLE = "{CLU} {R}eference {M}anual",
	PUBLISHER = "Springer-Verlag",
	YEAR = "1981"
}


@INPROCEEDINGS{russell,
	AUTHOR = {James Donahue and Alan Demers},
        TITLE = "{D}ata {T}ypes are {V}alues",
        BOOKTITLE = "ACM Transactions in Programming Languages and Systems",
	PAGES = "426-445",
	YEAR = "1985"
}

@INPROCEEDINGS{featherweightGJ,
	AUTHOR = {Atsushi Igarashi and Benjamin Pierce and Philip Wadler},
        TITLE = "{F}eatherweight {J}ava: {A} {M}inimal {C}ore {C}alculus for {J}ava and {GJ}",
        BOOKTITLE = "Object-Oriented Programming, Systems, Languages and Applications (OOPSLA)",
	YEAR = "1999"
}

@INPROCEEDINGS{antiunification,
	AUTHOR = {John C. Reynolds},
        TITLE = "{T}ransformational {S}ystems and the {A}lgebraic {S}tructure of {A}tomic {F}ormulas",
        BOOKTITLE = "Machine Intelligence, 5(1)",
	PAGES = "135-151",
	YEAR = "1970"
}

@INPROCEEDINGS{generalization,
	AUTHOR = {G. D. Plotkin},
        TITLE = "A {N}ote on {I}nductive {G}eneralization",
        BOOKTITLE = "Machine Intelligence",
	PAGES = "153-163",
	YEAR = "1970"
}

@INPROCEEDINGS{reified_type,
	AUTHOR = {Ralph E. Johnson},
        TITLE = "Type {O}bject",
        BOOKTITLE = "EuroPLoP",
	YEAR = "1996"
}

@INPROCEEDINGS{PhantomTypes,
	AUTHOR = {Matthew Fluet and Riccardo Pucella},
        TITLE = "Phantom {T}ypes and {S}ubtyping",
        BOOKTITLE = "IFIP TCS",
	PAGES = "448-460",
	YEAR = "2002"
}

%% Fortran like parallelization techniques %%

@INPROCEEDINGS{parFortran,
	AUTHOR = {V. S. Adve},
        TITLE = "An {I}ntegrated {C}ompilation and {P}erformance {A}nalysis {E}nvironment for {D}ata {P}arallel {P}rograms",
        BOOKTITLE = "SC'95 San Diego, CA",
	YEAR = "November 1995"
}

@BOOK{parHLproblems,
        AUTHOR = {R. Allen and K. Kennedy},
        TITLE = {Optimizing {C}ompilers for {M}odern {A}rchitectures},
        YEAR = 2001,
        PUBLISHER = {Morgan Kaufmann Publishers, San Fransisco, CA} }

%% Instruction level parallelism limits are reached %%

@techreport{ILPlimits,
 author = {D. Wall},
 title = {{L}imits of {I}nstruction {L}evel {P}arallelism},
 institution ={DEC Western Research Lab WRL-TN-15},
 YEAR = "1990" 
}
%December 
@InProceedings{case4cmp,
 author = {K. Olukotun and B. A. Nayfeh and L. Hammond and K. Wilson and K. Chang},
 title = {The {C}ase for a {S}ingle-{C}hip {M}ultiprocessor},
 booktitle = {ASPLOS-VII},
 year = {1996},
 isbn = {0-89791-767-7},
 pages = {2--11},
 location = {Cambridge, Massachusetts, United States},
 publisher = {ACM Press},
 }


%% TLS %%

@INPROCEEDINGS{spec:idemp,
        AUTHOR = "Seon Kim and Chong Ooi and Rudolf Eigenmann and Babak Falsafi and T. Vijaykumar",
        TITLE = "{R}eference {I}dempotency {A}nalysis: {A} {F}ramework for {O}ptimizing {S}peculative {E}xecution",
        BOOKTITLE = "PPOPP'01"
}
@INPROCEEDINGS{spec:JavaSpMT,
        AUTHOR = "Iffat H. Kazi and David J. Lilja",
        TITLE = "{J}ava{S}p{MT}: {A} {S}peculative {T}hread {P}ipelining {P}arallelization {M}odel for {J}ava {P}rograms",
        BOOKTITLE = "PPOPP'01 Proceedings",
   	PUBLISHER = "{ACM}",
        YEAR = 2001 }


@Article{tsag,
  author    = {Iffat H. Kazi and
               David J. Lilja},
  title     = {Coarsed-{G}rained {T}hread {P}ipelining: {A} {S}peculative {P}arallel {E}xecution {M}odel for {S}hared-{M}emory {M}ultiprocessors},
  journal   = {IEEE Transactions on Parallel and Distributed Systems},
  volume    = {12},
  number    = {9},
  year      = {September 2001}
}


@INPROCEEDINGS{spec:MLP,
        AUTHOR = "Michael K. Chen and Kunle Olukotun",
        TITLE = "{E}xploiting {M}ethod {L}evel {P}arallelism in {S}ingle {T}hreaded {J}ava {P}rograms",
        BOOKTITLE = "PACT'98 Proceedings",
   	PUBLISHER = "{IEEE}",
        YEAR = 1998 }

@INPROCEEDINGS{spec:MSSP,
        AUTHOR = "Craig Zilles and Gurindar Sohi",
        TITLE = "{M}aster/{S}lave {S}peculative {P}arallelization",
        BOOKTITLE = "Micro-35 Proceedings",
   	PUBLISHER = "{ACM}",
        YEAR = 2002 }

@INPROCEEDINGS{spec:ScalarValue,
        AUTHOR = "Antonia Zhai and Cristopher B. Colohan and J. Gregory Steffan and Todd C. Mowry",
        TITLE = "{C}ompiler {O}ptimization of {S}calar {V}alue {C}ommunication {B}etween {S}peculative {T}hreads",
        BOOKTITLE = "ASPLOS X",
        YEAR = 2002 }

@INPROCEEDINGS{spec:ThreadPart,
        AUTHOR = "Anasua Bhowmik and Manoj Franklin",
        TITLE = "A {G}eneral {C}ompiler {F}ramework for {S}peculative {M}ultithreading",
        BOOKTITLE = "SPAA'02 Proceedings",
   	PUBLISHER = "{ACM}",
        YEAR = 2002 }

@Article{power4,
  author    = {J. M. Tendler and
               J. S. Dodson and
               J. S. Fields Jr. and
               H. Le and
               B. Sinharoy},
  title     = {{POWER}4 {S}ystem {M}icroarchitecture.},
  journal   = {IBM Journal of Research and Development},
  volume    = {46},
  number    = {1},
  year      = {2002},
  pages     = {5-26},
}

@inproceedings{predictor,
 author = {Y. Sazeides and J. E. Smith},
 title = {The {P}redictability of {D}ata {V}alues},
 booktitle = {MICRO 30: 30th International Symposium on Microarchitecture},
 year = {1997},
 isbn = {0-8186-7977-8},
 pages = {248--258},
 location = {Research Triangle Park, North Carolina, United States}
 }F

@Article{software_tls,
  author = 	 {P. Rundberg and P. Stenstr\"om},
  title = 	 {An {A}ll-{S}oftware {T}hread-{L}evel {D}ata {D}ependence {S}peculation {S}ystem for {M}ultiprocs},
  journal = 	 "Journal of Instruction-Level Parallelism",
  year = 	 {1999},
  OPTvolume = 	 {1},
  OPTmonth = 	 "March",
URL = "http://www.jilp.org/vol1"
}

@INPROCEEDINGS{Javafutures,
	AUTHOR = {Adam Welc and Suresh Jagannathan and Antony Hosking},
        TITLE = "{S}afe {F}utures for {J}ava",
        BOOKTITLE = "OOPSLA'06",
	PAGES = "439-453",
	YEAR = "2006"
}

@INPROCEEDINGS{R-LRPD,
  author = 	 { Francis Dang and Hao Yu and Lawrence Rauchwerger},
  title  =   {The {R-LRPD} {T}est: {S}peculative {P}arallelization of {P}artially {P}arallel {L}oops},
  BOOKTITLE =   "Proceedings of International Parallel and Distributed Processing Symposium",
  pages =    {20--29},
  year = 	 {2002}
}

@Article{LRPD,
  author = 	 {L. Rauchwerger and D. Padua},
  title = 	 {The {LRPD} {T}est: {S}peculative {R}un-{T}ime {P}arallelization
of {L}oops with {P}rivatization and {R}eduction {P}arallelization},
  journal = 	 "IEEE Trans. on Parallel and Distributed System",
  year = 	 {1999},
  volume = 	 {10(2)},
  month = 	 "Feb",
  PAGES = "160-199"
}

@INPROCEEDINGS{Jrpm,
	AUTHOR = {Michael K. Chen and Kunle Olukotun},
        TITLE = "The {J}rpm {S}ystem for {D}ynamically {P}arallelizing {J}ava {P}rograms",
        BOOKTITLE = "ISCA-30",
	YEAR = "June 2003"
}

@INPROCEEDINGS{hydra,
	AUTHOR = {L. Hammond and M. Willey and Kunle Olukotun},
        TITLE = "Data {S}peculation {S}upport for {C}hip {M}ultiprocessor",
        BOOKTITLE = "ASPLOS",
	YEAR = "1998"
}

@INPROCEEDINGS{majc,
	AUTHOR = {Sun Microsystems},
        TITLE = "{MAJC} architecture tutorial",
        BOOKTITLE = "White Paper",
	YEAR = "1999"
}

@INPROCEEDINGS{stampede,
	AUTHOR = {J. G. Steffan and C. G. Colohan and A. Zhai and T.C. Mowry},
        TITLE = "A {S}calable {A}pproach for {T}hread {L}evel {S}peculation",
        BOOKTITLE = "ISCA-27",
	YEAR = "2000"
}

@INPROCEEDINGS{multiscalar,
	AUTHOR = {G. S. Sohi and S. E. Breach and T. N. Vijaykumar},
        TITLE = "Multiscalar {P}rocessors",
        BOOKTITLE = "ISCA-22",
	PAGES = "414-425",
	YEAR = "June 1995"
}

@INPROCEEDINGS{cintra,
	AUTHOR = {Marcelo Cintra and Diego R. Llanos},
        TITLE = "Toward {E}fficient and {R}obust {S}oftware {S}peculative {P}arallelization on {M}ultiprocessors",
        BOOKTITLE = "Proceedings Principles and Practice of Parallel Programming (PPoPP)",
        locationopt = "San Diego, California",
	YEAR = "2003",
        PAGES = "13-24"
}

@INPROCEEDINGS{cintraTLScost,
	AUTHOR = {Jialin Dou and Marcelo Cintra},
        TITLE = "A {C}ompiler {C}ost {M}odel for {S}peculative {P}arallelization",
        BOOKTITLE = "ACM TACO",
	YEAR = "vol. 4, no. 2, June 2007"
}


@INPROCEEDINGS{SpLSC,
	AUTHOR = {Cosmin E. Oancea and Alan Mycroft},
    TITLE = "Software {T}hread-{L}evel {S}peculation -- {A}n {O}ptimistic {L}ibrary {I}mplementation",
    BOOKTITLE = "IWMSE",
	YEAR      = {2008}
}


@INPROCEEDINGS{OanceaSpLIP,
    author = {Cosmin E. Oancea and Alan Mycroft and Tim Harris},
    title = {A {L}ightweight, {I}n-{P}lace {M}odel for {S}oftware {T}hread-{L}evel {S}peculation},
    booktitle = {Procs. Int. Symp. on Parallelism in Algorithms and Architectures (SPAA)},
    year = {2009},
    pages = {223--232}
}


@INPROCEEDINGS{OanceaSetCongrDynAn,
    author = {Cosmin E. Oancea and Alan Mycroft},
    title = {Set-{C}ongruence {D}ynamic {A}nalysis for {S}oftware {T}hread-{L}evel {S}peculation},
    booktitle = {Lang. Comp. Par. Comp. (LCPC)},
    publisher = {Springer},
    year = {2008},
    pages = {156--171}
}

@INPROCEEDINGS{AntonAlan,
	AUTHOR = {A. Lokhmotov and A. Mycroft and  A. Richards},
        TITLE = "{D}elayed {S}ide-{E}ffects {E}ase {M}ulti-{C}ore {P}rogramming",
        BOOKTITLE = "Euro-Par'07, Rennes, France"
}

@INPROCEEDINGS{POSH,
	AUTHOR = {Wei Liu and James Tuck and Luis Ceze and Wonsun Ahn and Karin Strauss and Jose Renau and Josep Torrellas },
        TITLE = "{POSH}: {A} {TLS} {C}ompiler that {E}xploits {P}rogram {S}tructure",
        BOOKTITLE = "PPoPP'06"
}


@Article{STMharris,
  author    = {Keir Fraser and Tim Harris},
  title     = {Concurrent {P}rogramming {W}ithout {L}ocks},
  journal   = {TOCS},
  year      ={2007}
}

@INPROCEEDINGS{STMstrongatom,
  author    = {Tatiana Shpeisman and Vijay Menon and A. Adl-Tabatabai and Steven Balensiefer and San Grossman and Richard Hudson and Katherine Moore and Bratin Saha},
  title     = {Enforcing {I}solation and {O}rdering in {STM}},
  BOOKTITLE   = {PLDI'07}
}

@INPROCEEDINGS{LowPtrChecks,
  author    = { Dinakar Dhurjati and Vikram Adve},
  title     = {Backwards-{C}ompatible array {B}ounds {C}hecking for {C} with {V}ery {L}ow {O}verhead},
  BOOKTITLE   = {28th international conference on Software engineering},
  year      = {2006}
}

@INPROCEEDINGS{PtrChecks,
  author    = { R. W. M. Jones and P. H. J. Kelly },
  title     = {Backwards-{C}ompatible {B}ounds {C}hecking for {A}rrays and {P}ointers in {C} {P}rograms},
  BOOKTITLE   = {Automated and Algorithmic Debugging},
  PAGES       = {13-26},
  year      = {1997}
}

@INPROCEEDINGS{Octogon,
  author    = { Antoine Min\'e },
  title     = {The {O}ctogon {A}bstract {D}omain},
  BOOKTITLE   = {Higher-Order and Symbolic Computation Journal, Vol. 19},
  year = {2006}
}

@INPROCEEDINGS{Trapezoid,
  author    = { F. Masdupuy },
  title     = {Array {O}perations {A}bstraction {U}sing {S}emantic {A}nalysis of {T}rapezoid
{C}ongruences},
  BOOKTITLE   = {ICS '92}
}


@INPROCEEDINGS{AbstrInterpr,
  author    = { Patrick Cousot and Radhia Cousot  },
  title     = {Systematic {D}esign of {P}rogram {A}nalysis {F}rameworks},
  BOOKTITLE   = {6th Symposium on Principles of Programming Languages},
  YEAR      = {1979}
}

@INPROCEEDINGS{Chilimbi1,
  author    = { Trishul M. Chilimbi and Bob Davidson and James R. Larus },
  title     = {Cache-{C}onscious {S}tructure {D}efinition},
  BOOKTITLE   = {PLDI'99}
}

@INPROCEEDINGS{Chilimbi2,
  author    = { Trishul M. Chilimbi and  James R. Larus  },
  title     = {Using {G}enerational {G}arbage {C}ollection to {I}mplement {C}ache-{C}onscious {D}ata {P}lacement},
  BOOKTITLE   = {ISMM},
  YEAR      = {1998}
}

@INPROCEEDINGS{granger,
  author    = { Philippe Granger },
  title     = {Static {A}nalysis of {L}inear {C}ongruence {E}qualities among {V}ariables of a {P}rogram},
  BOOKTITLE   = {LNCS, Vol. 493},
  YEAR      = {1991}
}


%%%%%%%%%%%%%%%%%%%%%%%%%%%%%%%%%%%%%%%%%%%%%%%%%%%%%%%%%%%%%%
%%%%%%% COMPILER TECHNIQUES FOR EXTRACTING PARALLELISM %%%%%%%
%%%%%%%%%%%%%%%%%%%%%%%%%%%%%%%%%%%%%%%%%%%%%%%%%%%%%%%%%%%%%%

@BOOK{OptCompModernArch,
	AUTHOR = {Randy Allen and Ken Kennedy},
        TITLE = "{O}ptimizing {C}ompilers for {M}odern {A}rchitectures",
	PUBLISHER = "Morgan Kaufmann",
        PAGES = {790},
        ISBN = {1-55860-286-0},
	YEAR = "2002"
}

@ARTICLE{Pugh92theomega,
    author = {William Pugh},
    title = {{T}he {O}mega {T}est: a {F}ast and {P}ractical {I}nteger {P}rogramming {A}lgorithm for {D}ependence {A}nalysis},
    journal = {Communications of the ACM},
    year = {1992},
    volume = {8},
    pages = {4--13}
}

@ARTICLE{FeautrierParInt,
    author = {Paul Feautrier},
    title = {{P}arametric {I}nteger {P}rogramming},
    journal = {Operations Research},
    pages = {243--268},
    volume = {22(3)},
    year = {1988}
}

@ARTICLE{FeautrierDataflow,
    author = {Paul Feautrier},
    title = {{D}ataflow {A}nalysis of {A}rray and {S}calar {R}eferences},
    journal = {Int. Journal of Parallel Program.},
    pages = {23--54},
    volume = {20(1)},
    year = {1991}
}

@INPROCEEDINGS{Blume94symbolicrange,
    author = {William Blume and Rudolf Eigenmann},
    title = {{S}ymbolic {R}ange {P}ropagation},
    booktitle = {Proceedings of the 9th International Parallel Processing Symposium},
    year = {1994},
    pages = {357--363}
}

@INPROCEEDINGS{Blume95symbolicrange,
    author = {William Blume and Rudolf Eigenmann},
    title = {{D}emand-{D}riven, {S}ymbolic {R}ange {P}ropagation},
    booktitleOPT = {In Proceedings of the 8th Workshop on Languages and Compilers for Parallel Computing},
    booktitle = {Int. Lang. Comp. Par. Comp. (LCPC)},
    year = {1995},
    pages = {141--160},
    publisherOPT = {Springer Verlag}
}

@INPROCEEDINGS{Blume94RangeTest,
    author = {William Blume and Rudolf Eigenmann},
    title =  {The {R}ange {T}est: {A} {D}ependence {T}est for {S}ymbolic, {N}on-{L}inear {E}xpressions},
    booktitle = {Procs. Int. Conf. on Supercomp},
    year = {1994},
    pages = {528--537}
}

@ARTICLE{Blume92PerfectCodesEval,
    author = {William Blume and Rudolf Eigenmann},
    title = {Performance {A}nalysis of {P}arallelizing {C}ompilers on the {P}erfect {B}enchmarks {P}rograms},
    journalOPT = {IEEE Transactions on Parallel and Distributed Systems},
    journal = {IEEE Tran. Par. Distr. Sys.},
    year = {1992},
    volume = {3},
    pages = {643--656}
}

@ARTICLE{HoeflingerDepTest,
    author = {Jay Hoeflinger and Yunheung Paek and Kwang Yi},
    title = {Unified {I}nterprocedural {P}arallelism {D}etection},
    journal = {International Journal of Parallel Programming},
    pages = {185--215},
    volume = {29(2)},
    DOIopt = {doi>10.1023/A:1007685003043},
    year = {2001}
}


@BOOK{PhDHoeflinger,
	AUTHOR = {Jay Hoeflinger},
        TITLE = "Interprocedural Parallelization Using memory classification analysis",
	PUBLISHER = "Ph.D. Thesis, University of Illinois at Urbana-Champaign Champaign",
        ISBN = {0-599-10583-6},
	YEAR = "1998"
}

@ARTICLE{LMAD,
    author = {Yunheung Paek and Jay Hoeflinger and David Padua},
    title = {Efficient and {P}recise {A}rray {A}ccess {A}nalysis},
    journal = {ACM Transactions on Programming Languages and Systems},
    pages = {65--109},
    volume = {24(1)},
    year = {2002}
}


@inproceedings{PaduaDemDrInterproc,
 author = {Lin, Yuan and Padua, David},
 title = {Compiler {A}nalysis of {I}rregular {M}emory {A}ccesses},
 booktitle = {Int. Prg. Lang. Design Implem. (PLDI)},
 seriesOPT = {PLDI '00},
 year = {2000},
 isbnOPT = {1-58113-199-2},
 locationOPT = {Vancouver, British Columbia, Canada},
 pages = {157--168},
 numpagesOPT = {12},
 urlOPT = {http://doi.acm.org/10.1145/349299.349322},
 doiOPT = {10.1145/349299.349322},
 acmidOPT = {349322},
 publisherOPT = {ACM},
 addressOPT = {New York, NY, USA},
} 

@INPROCEEDINGS{PaduaDemDrInterprocLCPC,
    author = {Yuan Lin and David Padua},
    title = {Demand-{D}riven {I}nterprocedural {A}rray {P}roperty {A}nalysis},
    booktitle = {Int. Lang. Comp. Par. Comp. (LCPC)},
    year = {1999},
    publisherOPT = {Springer-Verlag},
    pages = {303--317}
}

%%%%%%%%%%%%%%%%%%%%%%%%%%%%%%%%%%%%%%%%%%%%%%%
%%%%%%% CONDITIONAL INDUCTION VARIABLES %%%%%%%
%%%%%%%%%%%%%%%%%%%%%%%%%%%%%%%%%%%%%%%%%%%%%%%

@INPROCEEDINGS{PaduaStackArr,
    author = {Yuan Lin and David Padua},
    title = {Analysis of {I}rregular {S}ingle-{I}ndexed {A}rrays and its {A}pplications in {C}ompiler {O}ptimizations},
    booktitle = {Compiler Construction (CC)},
    publisherOPT = {Springer-Verlag},
    year = {2000},
    pages = {202--218}
}

@INPROCEEDINGS{Pugh95NonlinPresbArith,
    author = {William Pugh and David Wonnacott},
    title = {Nonlinear {A}rray {D}ependence {A}nalysis },
    booktitle = {Proc. of Workshop on Lang. Comp. and Run-Time Support for Scallable Systems},
    year = {1995}
}

@ARTICLE{Pugh98NonlinPresb,
    author = {William Pugh and David Wonnacott},
    title = {Constraint-{B}ased {A}rray {D}ependence {A}nalysis},
    journal = {Trans. on Prog. Lang. and Sys. (TOPLAS)},
    pages = {635--678},
    volume = {20(3)},
    year = {1998}
}


@ARTICLE{SUIF,
    author = {Mary W. Hall and Saman P. Amarasinghe and Brian R. Murphy and Shih-Wei Liao and Monica S. Lam},
    title = {Interprocedural {P}arallelization {A}nalysis in {SUIF}},
    journal = {ACM Transactions on Programming Languages and Systems (TOPLAS)},
    journalOPT = {Tran.~on~Prog.~Lang.~and~Sys.},
    pages = {662--731},
    volume = {27(4)},
    DOIopt = {doi>10.1145/1075382.1075385},
    year = {2005}
}

@INPROCEEDINGS{Moon99PredArrDataFlow,
    author = {Sungdo Moon and Mary W. Hall},
    title = {Evaluation of {P}redicated {A}rray {D}ata-{F}low {A}nalysis for {A}utomatic {P}arallelization},
    booktitleOPT = {Proceedings of Principles and Practice of Parallel Programming (PPoPP)},
    booktitle = {Princ.~Pract.~of~Par.~Prog. PPoPP},
    year = {1999},
    pages = {84--95}
}


@ARTICLE{BanerjeeIneqTest,
    author = {U. Banerjee},
    title = {Speedup of {O}rdinary {P}rograms},
    journal = {Ph.D. Thesis, Dept. of Comp. Sci. Univ. of Illinois at Urbana-Champaign},
    volume = {Report No. 79-989},
    year = {1988}
}

@inproceedings{arraySSA,
 author = {Rus, Silvius and He, Guobin and Alias, Christophe and Rauchwerger, Lawrence},
 title = {Region Array SSA},
 booktitle = {Int. Conf. on Parallel Arch. Compilation Techniques (PACT)},
 seriesOPT = {PACT '06},
 year = {2006},
 isbnOPT = {1-59593-264-X},
 locationOPT = {Seattle, Washington, USA},
 pages = {43--52},
 numpagesOPT = {10},
 urlOPT = {http://doi.acm.org/10.1145/1152154.1152165},
 doiOPT = {10.1145/1152154.1152165},
 acmidOPT = {1152165},
 publisher = {ACM},
 addressOPT = {New York, NY, USA},
 keywordsOPT = {array SSA, constant propagation, parallelization},
} 



@ARTICLE{HybAn,
    author = {Silvius Rus and Jay Hoeflinger and Lawrence Rauchwerger},
    title = {Hybrid Analysis: Static \& Dynamic Memory Reference Analysis},
    journalopt = {International Journal of Parallel Programming},
    journal = {Int. Journal of Parallel Programming},
    pages = {251--283},
    volume = {31(3)},
    DOIopt = {doi>10.1145/1075382.1075385},
    year = {2003}
}


@INPROCEEDINGS{SensAn,
    author = {Silvius Rus and Maikel Pennings and Lawrence Rauchwerger},
    title = {Sensitivity {A}nalysis for {A}utomatic {P}arallelization on {M}ulti-{C}ores},
    booktitle = {Procs. Int. Conf. on Supercomp},
    year = {2007},
    pages = {263--273}
}

@INPROCEEDINGS{VEG,
    author = {Silvius Rus and Dongmin Zhang and Lawrence Rauchwerger},
    titleOPT = {The {V}alue {E}volution {G}raph and its {U}se in {M}emory {R}eference {A}nalysis.},
    title = {{V}alue {E}volution {G}raph and its {U}se in {M}emory {R}eference {A}nalysis.},
    booktitleOPT = {Proceedings of International Conference on Parallel Architectures and Compilation Techniques (PACT)},
    booktitle = {Int.~Par.~Arch.~Comp.~Tech. (PACT)},
    year = {2004},
    pages = {243--254}
}

@INPROCEEDINGS{LRPDopt,
    author = { Hao Yu and Lawrence Rauchwerger },
    title =  { {T}echniques for {R}educing the {O}verhead of {R}un-{T}ime {P}arallelization},
    booktitle = {Procs. Int. Conf. on Compiler Construction},
    year = {2000},
    pages = {232--248}
}

@INPROCEEDINGS{CompactCDG,
    author = {Ron Cytron and Jeanne Ferrante and Vivek Sarkar},
    title = {Compact Representation for Control Dependence},
    booktitle = {Proceedings of International Conference on Programming Languages and Design Implementation (PLDI)},
    year = {1990},
    pages = {337--351}
}

@INPROCEEDINGS{ArrRegOverestim,
    author = {Beatrice Creusillet and Francois Irigoin},
    title = {Exact vs. {A}pproximate {A}rray {R}egion {A}nalysis},
    booktitle = {Proceedings of International Workshop on Languages and Compilers for Parallel Computing},
    year = {1996},
    pages = {86--100},
    publisher = "LNCS",
    volume = 1239
}

@INPROCEEDINGS{Engelen04aunified,
    author = {Robert A. Van Engelen},
    title = {A {U}nified {F}ramework for {N}onlinear {D}ependence {T}esting and {S}ymbolic {A}nalysis},
    booktitle = {Procs. Int. Conf. on Supercomputing},
    year = {2004},
    pages = {106--115}
}

@ARTICLE{Fahringer97EffSymb,
    author = {Thomas Fahringer},
    title = {Efficient Symbolic Analysis for Parallelizing Compilers and Performance Estimators},
    journal = {Journal of Supercomputing},
    year = {1997},
    volume = {12},
    pages = {227--252}
}

@ARTICLE{InspExecWave,
    author = {Lawrence Rauchwerger and Nancy M. Amato and David A. Padua},
    title = {A Scalable Method for Run-Time Loop Parallelization},
    journal = {International Journal of Parallel Programming},
    year = {1995},
    volume = {26},
    pages = {26--6}
}

@ARTICLE{Berry88theperfect,
    author = {M. Berry and D. Chen and P. Koss and D. Kuck and S. Lo and Y. Pang and L. Pointer and R. Roloff and A. Sameh and E. Clementi and S. Chin and D. Schneider and G. Fox and P. Messina and D. Walker and C. Hsiung and J. Schwarzmeier and K. Lue and S. Orszag and F. Seidl and O. Johnson and R. Goodrum},
    title = {The {PERFECT} {C}lub {B}enchmarks: {E}ffective {P}erformance {E}valuation of {S}upercomputers},
    journal = {International Journal of Supercomputer Applications},
    year = {1988},
    volume = {3},
    pages = {5--40}
}

@INPROCEEDINGS{CohenBeyondMon,
    author = {Peng Wu and Albert Cohen and David Padua},
    title = {Induction {V}ariable {A}nalysis {W}ithout {I}diom {R}ecognition: {B}eyond {M}onotonicity},
    booktitle = {Int. Lang. Comp. Par. Comp. (LCPC)},
    booktitleOPT = {LCPC}, 
    year = {2001},
    pages = {427-441}
}


@INPROCEEDINGS{CohenMon,
    author = {Peng Wu and Albert Cohen and David Padua and Jay Hoeflinger},
    title = {Monotonic {E}volution: {A}n {A}lternative to {I}nduction {V}ariable {S}ubstitution for {D}ependence {A}nalysis},
    booktitle = {Procs. Int. Conf. on Supercomputing},
    year = {2001},
    pages = {78-91}
}

@INPROCEEDINGS{GatedSSA,
    author = {Peng Tu and David Padua},
    title = {Gated {SSA}-{B}ased {D}emand-{D}riven {S}ymbolic {A}nalysis for {P}arallelizing {C}ompilers},
    booktitle = {Procs. Int. Conf. on Supercomputing},
    year = {1995},
    pages = {414-423}
}


@ARTICLE{SeqVars,
    author = {Michael P. Gerlek and Eric Stoltz and Michael Wolfe},
    title = {Beyond {I}nduction {V}ariables: {D}etecting and {C}lassifying {S}equences {U}sing a {D}emand-{D}riven {SSA} {F}orm},
    journal = {ACM Transactions on Programming Languages and Systems (TOPLAS)},
    year = {1995},
    volume = {17},
    pages = {85-122}
}

@ARTICLE{MonStmt,
    author = {Madalene Spezialetti and Rajiv Gupta},
    title = {Loop {M}onotonic {S}tatements},
    journal = {IEEE Trans. on Software Engineering},
    year = {1995},
    volume = {21(6)},
    pages = {497-505}
}

@TECHREPORT{EigenmanIndVarClosed,
    author = {Bill Pottenger and Rudolf Eigenmann},
    title = {Parallelization in the {P}resence of {G}eneralized {I}nduction and {R}eduction {V}ariables},
    institution = {In ACM Int. Conf. on Supercomputing (ICS’95},
    year = {1995}
}

@INPROCEEDINGS{SummaryMonot,
    author = {Cosmin E. Oancea and Lawrence Rauchwerger},
    title = {A {H}ybrid {A}pproach to {P}roving {M}emory {R}eference {M}onotonicity},
    booktitle = {Int. Lang. Comp. Par. Comp. (LCPC) },
    publisher = {Springer},
    year = {2013},
    pages = {61-75}
}

@INPROCEEDINGS{CosPLDI,
    author = {Cosmin E. Oancea and Lawrence Rauchwerger},
    title = {Logical {I}nference {T}echniques for {L}oop {P}arallelization},
    booktitle = {ACM Int. Conf. Prog. Lang. Design and Implem. (PLDI)},
    pages = {509-520},
    year = {2012}
}

@techreport{Treecode,
 author = {Joshua Edward},
 title = {http://www.ifa.hawaii.edu/~barnes/ftp/treecode/}
}
%Joshua Edward. http://www.ifa.hawaii.edu/~barnes/ftp/treecode/. Technical Report.

@INPROCEEDINGS{LexiFiPricing,
    author = {Cosmin Oancea and Christian Andreetta and Jost Berthold and Alain Frisch and Fritz Henglein},
    title = {Financial {S}oftware on {GPU}s: between {H}askell and {F}ortran},
    booktitle = {Funct. High-Perf. Comp. (FHPC)},
    pages = {61-72},
    year = {2012}
}


%\bibitem[Pouchet et~al.(2011)Pouchet, Bondhugula, Bastoul, Cohen, Ramanujam, Sadayappan, and Vasilache]{PolyhedralOpt}
@inproceedings{PolyhedralOpt,
 authorOPT = {Pouchet, Louis-No\"{e}l and Bondhugula, Uday and Bastoul, C{\'e}dric and Cohen, Albert and Ramanujam, J. and Sadayappan, P. and Vasilache, Nicolas},
 author = {Pouchet, Louis-No\"{e}l and et~al.},
 title = {Loop {T}ransformations: {C}onvexity, {P}runing and {O}ptimization},
 booktitle = {Int. Conf. Princ. of Prog. Lang. (POPL)},
 year = {2011},
 isbnOPT = {978-1-4503-0490-0},
 locationOPT = {Austin, Texas, USA},
 pages = {549--562},
 numpagesOPT = {14},
 urlOPT = {http://doi.acm.org/10.1145/1926385.1926449},
 doiOPT = {10.1145/1926385.1926449},
 acmidOPT = {1926449},
 publisherOPT = {ACM},
 addressOPT = {New York, NY, USA},
 keywordsOPT = {affine scheduling, compilation, compiler optimization, loop transformations, parallelism},
} 

@article{segScan,
  title={{S}cans as {P}rimitive {P}arallel {O}perations},
  author={Guy E. Blelloch},
  journal={Computers, IEEE Transactions},
  volume={38},
  number={11},
  pages={1526--1538},
  year={1989}
}

@ARTICLE{Blume94automaticdetection,
    author = {William Blume and Rudolf Eigenmann and Jay Hoeflinger and David Padua and Paul Petersen and Lawrence Rauchwerger and Peng Tu},
    title = {Automatic Detection of Parallelism: A Grand Challenge for High-Performance Computing},
    journal = {IEEE Parallel and Distributed Technology},
    year = {1994},
    volume = {2}
}

%Gieseke, F., Heinermann, J., Oancea, C., & Igel, C. (2014). Buffer kd trees: processing massive nearest neighbor queries on GPUs. In Proceedings of The 31st International Conference on Machine Learning (pp. 172-180).
