@misc{baselIII,
 author = {{Basel Committee on Banking Supervision, Bank for International Settlements}},
 title = {{Basel III: A global regulatory framework for more resilient banks and banking systems}},
 year = {2010},
 month = {December}
}

@misc{specaccel,
 author = {{Standard Performance Evaluation Corporation}},
 title = {{The SPEC ACCEL Benchmark}},
 year = {2014},
 month = {December},
 note = {{Benchmark available from https://www.spec.org/accel}}
}



@article{Storn:1997:DEN:596061.596146,
 author = {Storn, Rainer and Price, Kenneth},
 title = {Differential Evolution \&Ndash; A Simple and Efficient Heuristic for Global Optimization over Continuous Spaces},
 journal = {J. of Global Optimization},
 issue_date = {December 1997},
 volume = {11},
 number = {4},
 month = dec,
 year = {1997},
 pages = {341--359},
 numpages = {19},
 publisher = {Kluwer Academic Publishers},
} 

@article {MR0247744,
    AUTHOR = {Steen, N. M. and Byrne, G. D. and Gelbard, E. M.},
     TITLE = {Gaussian quadratures for the integrals {$\int_{0}^{\infty
              }\,{\rm exp}(-x^{2})f(x)dx$} and {$\int_{0}^{b}\,{\rm
              exp}(-x^{2})f(x)dx$}},
   JOURNAL = {Math. Comp.},
  FJOURNAL = {Mathematics of Computation},
    VOLUME = {23},
      YEAR = {1969},
     PAGES = {661--671}
}

@BOOK{ Brent1973AfM,
       AUTHOR = "Brent, Richard P.",
       TITLE = "Algorithms for Minimization without Derivatives",
       PUBLISHER = "Prentice-Hall",
       YEAR = "1973"
}

@book{BrigoMercurio2006,
    author = {Brigo, Damiano and Mercurio, Fabio},
    edition = {2nd},
    howpublished = {Hardcover},
    month = aug,
    priority = {2},
    publisher = {Springer},
    title = {{Interest Rate Models - Theory and Practice: With Smile, Inflation and Credit (Springer Finance)}},
    year = {2006}
}

@article{cranknicolson1947,
author = {Crank,J. and Nicolson,P.},
title = {A practical method for numerical evaluation of solutions of partial differential equations of the heat-conduction type},
journal = {Math. Proc. of the Cambridge Philosophical Society},
volume = {43},
issue = {01},
month = {January},
year = {1947},
issn = {1469-8064},
pages = {50--67}
}

@Book{mthm97,
  author = 	"Robin Milner and Mads Tofte and Robert Harper and
		  David MacQueen",
  title = 	"The {Definition} of {Standard ML} (Revised)",
  publisher = 	"MIT Press",
  year = 	"1997"
}

@INPROCEEDINGS{snesl,
    author = {Frederik M. Madsen and Andrzej Filinski},
    title = {Towards a Streaming Model for Nested Data Parallelism},
    booktitle = {2nd ACM SIGPLAN Workshop on Functional High-Performance Computing},
    year = {2013},
    month = {September}
}

@book{Hwu:2011:GCG:2103614,
 author = {Hwu, Wen-mei W.},
 title = {GPU Computing Gems Jade Edition},
 year = {2011},
 isbn = {9780123859631, 9780123859648},
 edition = {1st},
 publisher = {Morgan Kaufmann Publishers Inc.},
 address = {San Francisco, CA, USA},
} 

@incollection{thrust,
  author      = "Nathan Bell and Jared Hoberock",
  title       = "{Thrust: A Productivity-Oriented Library for CUDA}",
  editor      = "Hwu, Wen-mei W.",
  chapter     = "26",
  booktitle   = "GPU Computing Gems Jade Edition",
  publisher   = "Morgan Kaufmann",
  address     = "San Francisco, CA, USA",
  year        = 2011,
}

% Keywords ABBREVIATIONS
@string{OMG = "Object Management Group"}
@string{CORBA = "Common Object Request Broker Architecture"}
@string{IDL = "Interface Definition Language"}

% journal ABBREVIATIONS

@string{CACM = "Communications of the {ACM}"}
@string{SPE = "Software Practice and Experience"}
@string{SIGPLAN = "ACM SIGPLAN Notices"}
@string{LNCS = "Lecture Notes in Computer Science"}

% PUBLISHER + ADDRESS ABBREVIATIONS

@string{ACM = "ACM Press"}
@string{Wiley = "Wiley"}
@string{SV = "Springer-Verlag"}

% INSTITUTION ABBREVIATIONS

@string{DECWRL = "DEC Western Research Laboratory, Palo Alto, CA"}
@string{PARC = "Xerox PARC, Palo Alto, CA"}
@string{NAG = "Numerical Algorithms Group, Inc."}
@string{NAG:adr = "Downer's Grove, IL, USA and Oxford, UK"}
@string{OMG = "Object Management Group, Inc."}

\cite{frisco}
\cite{aldor}
\cite{friscotechrep}
\cite{friscoug}
\cite{Manual}
\cite{d222b}

@article{
fish,
year={1999},
journal={International Journal on Software Tools for Technology Transfer},
volume={2},
number={3},
title={Programming in FISh},
publisher={Springer-Verlag},
author={Jay, C. Barry},
pages={307--315}
}

@article{Hains01011993,
author = {Hains, G. and Mullin, L. M. R.}, 
title = {Parallel Functional Programming with Arrays},
volume = {36}, 
number = {3}, 
pages = {238-245}, 
year = {1993}, 
journal = {The Computer Journal} 
}

@inproceedings{Guo:2011:BGP:1926354.1926359,
 author = {Guo, Jing and Thiyagalingam, Jeyarajan and Scholz, Sven-Bodo},
 title = {Breaking the {GPU} Programming Barrier with the Auto-parallelising {SAC} Compiler},
 booktitle = {Procs. Workshop Decl. Aspects of Multicore Prog. (DAMP)},
 seriesOPT = {DAMP'11},
 year = {2011},
 locationOPT = {Austin, Texas, USA},
 pages = {15--24},
 publisher = {ACM},
 addressOPT = {New York, NY, USA},
 keywordsOPT = {code, compiler, cuda, generation, gpu, optimization},
} 

@inproceedings{Grelck1998,
 author = {Clemens Grelck and Sven-Bodo Scholz},
 title = {Accelerating {APL} Programs with {SAC}},
 booktitle = {Proceedings of the Conference on APL '99: On Track to the 21st Century},
 series = {APL'99},
 year = {1999},
 pages = {50--57},
 publisher = {ACM}
} 

@INPROCEEDINGS{ HybType,
  AUTHOR    = {Clemens Grelck and Fangyong Tang},
  TITLE     = {Towards {H}ybrid {A}rray {T}ypes in {SAC}},
  EDITOROPT    = {V. Zs\'ok and Z. Horv\'ath and R. Plasmeijer},
  BOOKTITLE = {7th Workshop on Prg. Lang., (Soft. Eng. Conf.)},
  YEAR      = 2014,
  PAGES     = {129-145},
  location = {Kiel, Germany},
  TOPICSOPT    = {SAC}
}

@Book{iversonbook,
  author = 	"Kenneth E. Iverson",
  title = 	"A Programming Language",
  publisher = 	"John Wiley and Sons, Inc",
  year = 	"1962",
  month =       "May"
}

@inproceedings{AgdaAccellerate,
    author = {Peter Thiemann and Manuel M. T. Chakravarty},
    title = {Agda Meets Accelerate},
    booktitle = {Proceedings of the 24th Symposium on Implementation and Application of Functional Languages}, 
    series = {IFL'2012},
    note={Revised Papers, Springer-Verlag, LNCS 8241},
    year={2013}
}

@article{Trojahner2009643,
title = "Dependently typed array programs don't go wrong",
journal = "The Journal of Logic and Algebraic Programming",
volume = "78",
number = "7",
pages = "643--664",
year = "2009",
note = "The 19th Nordic Workshop on Programming Theory (NWPT'2007)",
author = "Kai Trojahner and Clemens Grelck",
}

@inproceedings{Trojahner:2008,
 author = {Kai Trojahner and Clemens Grelck},
 title = {Descriptor-free Representation of Arrays with Dependent Types},
 booktitle = {Proceedings of the 20th International Conference on Implementation and Application of Functional Languages},
 series = {IFL'08},
 year = {2011},
 location = {Hatfield, UK},
 pages = {100--117},
 numpages = {18},
 publisher = {Springer-Verlag},
} 

@inproceedings{ElsmanDybdal:Array:2014,
 author = {Martin Elsman and Martin Dybdal},
 title = {Compiling a {S}ubset of {APL} {I}nto a {T}yped {I}ntermediate {L}anguage},
 booktitle = {Procs. Int. Workshop on Lib. Lang. and Compilers for Array Prog. (ARRAY)},
 seriesOPT = {ARRAY'14},
 year = {2014},
 publisher = {ACM}
} 

@Comment weird: "Henriksen" without obfuscation leads to displayed "----"
@inproceedings{Futhark:Array:2014,
 author = {Troels {H}enriksen and Cosmin E. Oancea},
 BROKENauthor = {Troels Henriksen and Cosmin E. Oancea},
 title = {Bounds {C}hecking: {A}n {I}nstance of {H}ybrid {A}nalysis},
 booktitle = {Procs. Int. Lib. Lang. and Compilers for Array Prog. (ARRAY)},
 seriesOPT = {ARRAY'14},
 year = {2014},
 publisher = {ACM}
} 

@MastersThesis{vejlstrup94,
  author = 	 "Magnus Vejlstrup",
  title = 	 "Multiplicity Inference",
  school = 	 "Department of Computer Science, University of Copenhagen",
  year = 	 "1994",
  month = 	 "September",
  note = 	 "report 94-9-1"
}

@Article{mlkit_retrospective,
  author = {Mads Tofte and Lars Birkedal and Martin Elsman and Niels Hallenberg},
  title = {A Retrospective on Region-Based Memory Management},
  journal = {Higher-Order and Symbolic Computation (HOSC)},
  volume = {17},
  number = {3},
  pages = {245--265},
  month = {September},
  year = {2004},
  publisher = "Kluwer Academic Publishers"
}

@InProceedings{btv96,
  author = 	 "Lars Birkedal and Mads Tofte and Magnus Vejlstrup",
  title = 	 "From Region Inference to von {Neumann} Machines via Region Representation Inference",
  pages = 	 "171--183",
  booktitle = "ACM Symposium on Principles of Programming Languages",
  series = "POPL'96",
  year = 	 "1996",
  publisher = "ACM Press",
  month = 	 "January"
}

@BOOK{aldor,
        AUTHOR = {Stephen M. Watt and Peter A. Broadbery and Samuel S. Dooley and Pietro Iglio and Scott C. Morrison and Jonathan M. Steinbach and Robert S. Sutor},
        TITLE = {{AXIOM} {L}ibrary {C}ompiler {U}ser {G}uide},
        YEAR = 1994,
        PAGES = {507},
        ISBN = {1-85206-106-5},
        PUBLISHER = {Numerical Algorithms Group (ISBN 1-85206-106-5)} }

@BOOK{stepanov:stl,
        AUTHOR = {David R. Musser, Gillmer J. Derge, Atul Saini},
        TITLE = {{STL} {T}utorial and {R}eference {G}uide, {S}econd {E}dition},
        YEAR = 2001,
        PAGES = {509},
        ISBN = {0-201-37923-6},
        PUBLISHER = {Addison-Wesley (ISBN 0-201-37923-6)} }


@BOOK{siegel:corba,
        AUTHOR = {Jon Siegel},
        TITLE = {{CORBA} 3 {F}undamentals and {P}rogramming},
        YEAR = 2000,
        PAGES = {899},
	NOTE = {"Wiley computer publishing."},
        KEYWORDS = {CORBA},
        ISBN = {0471295183},
        PUBLISHER = {John {W}iley and {S}ons} }
	

@BOOK{farley:javacorba,
        AUTHOR = {Jim Farley},
        TITLE = {{J}ava {D}istributed {C}omputing},
        YEAR = 1998,
        PAGES = {382},
	NOTE = {"Wiley computer publishing."},
        KEYWORDS = {CORBA, JAVA},
        ISBN = {1-56592-206-9},
        PUBLISHER = {O'{R}eilly} }


@BOOK{nelson:modula,
        AUTHOR = {Greg Nelson},
        TITLE = {Systems {P}rogramming with {MODULA}-3},
        YEAR = 1991,
        PAGES = {267},
        ISBN = {0-13-590464-1},
        PUBLISHER = {Prentice Hall} }

@BOOK{ledgard:adaintrod,
        AUTHOR = {Henry Ledgard},
        TITLE = {{ADA} {A}n {I}ntroduction},
        YEAR = 1980,
        ISBN = {0-387-90568-5},
        PUBLISHER = {Springer: Berlin ; New York} }

@BOOK{ledgard:adaintrod,
        AUTHOR = {Henry Ledgard},
        TITLE = {{ADA} {A}n {I}ntroduction},
        YEAR = 1980,
        ISBN = {0-387-90568-5},
        PUBLISHER = {Springer-Verlag, New York} }


@BOOK{ledgard:adast,
        AUTHOR = {Henry Ledgard},
        TITLE = {{ADA} {A}n {I}ntroduction/{ADA} {R}eference {M}anual},
        YEAR = 1981,
        ISBN = {3-540-90568-5},
        PUBLISHER = {Springer-Verlag, New York} }


@BOOK{felleisen:ml,
        AUTHOR = {Matthias Felleisen and Daniel P. Friedman},
        TITLE = {The {L}ittle {ML}er},
        YEAR = 1998,
        PAGES = {182},
        ISBN = {0-262-56114-X},
        PUBLISHER = {The {MIT} {P}ress} }


@TECHREPORT{OMGsIDL:spec,
        AUTHOR = "OMG",
        TITLE = "{C}ommon {O}bject {R}equest {B}roker {A}rchitecture --- {OMG} {IDL} {S}yntax and {S}emantics",
	YEAR = 2000,
        INSTITUTION = "OMG Specification",
        TYPE = "Revision2.4 ({O}ctober 2000)" }
	
@TECHREPORT{OMGsORB:spec,
        AUTHOR = "OMG",
        TITLE = "{C}ommon {O}bject {R}equest {B}roker: {A}rchitecture and {S}pecification",
	YEAR = 2000,
        INSTITUTION = "OMG Specification",
        TYPE = "Revision2.4 ({O}ctober 2000)" }

@Misc{dcom,
  author = 	 {Microsoft},
  title = 	 {An {I}ntroduction to {M}icrosoft .{NET} {R}emoting {F}ramework. \\ 
  http://msdn.microsoft.com/library/default.asp?url=/library/en-us/dndotnet/html/introremoting.asp},
  publisher = {Microsoft Corporation},
  OPTmonth = 	 {july},
  OPTyear = 	 {2001},
URL = "http://msdn.microsoft.com/library/default.asp?url=/library/en-us/dndotnet/html/introremoting.asp"
}

@Misc{corba:tutorial,
  author = 	 {Kate Keahey},
  title = 	 {A {B}rief {T}utorial on {CORBA}, \\ http://www.cs.indiana.edu/~kksiazek/tuto.html},
  publisher = {www},
  OPTmonth = 	 {july},
  OPTyear = 	 {2001},
  URL = "http://www.cs.indiana.edu/hyplan/kksiazek.html"
}

@BOOK{CHcorresp:Curry,
        AUTHOR = {Haskel B. Curry and Robert Feys},
        TITLE = {Combinatory Logic, volume 1},
        YEAR = 1968,
        PUBLISHER = {North Holland, second edition}
}

@INPROCEEDINGS{CHcorresp:Howard,
        AUTHOR = "William A. Howard",
        TITLE = "The formulas-as-types notion of construction",
        BOOKTITLE = "To H.B. Curry: Essays on Combinatory Logic, Lambda Calculus, and Formalism",
   	PUBLISHER = "{Academic Press, New York}",
        PAGES = "479-490",
        YEAR = 1980 }

	
@INPROCEEDINGS{odersky:GJ,
        AUTHOR = "M. Odersky and P. Wadler and G. Bracha and D. Stoutamire",
        TITLE = "{M}aking the {F}uture {S}afe for the {P}ast: {A}dding {G}enericity to the {J}ava {P}rogramming {L}anguage",
        BOOKTITLEOPT = "ICMS'2002 Proceedings",
	BOOKTITLE = "{S}ymp. on {O}bj. {O}riented {P}rog.: {S}ys. {L}ang. and {A}pplic. (OOPSLA)",
	EDITOROPT = "Craig Chambers",
    PUBLISHER = {ACM},
        PAGES = "183--200",
        YEAR = 1998 }
	
@INPROCEEDINGS{syme:CIL,
        AUTHOR = "Andrew Kennedy and Don Syme",
        TITLE = "{D}esign and {I}mplementation of {G}enerics for the .{NET} {C}ommon {L}anguage {R}untime",
	BOOKTITLE = "Proceedings of the ACM SIGPLAN 2001 conference",
	YEAR = 2001
}


@INPROCEEDINGS{natali:GJ,
        AUTHOR = "Mirko Viroli and Antonio Natali",
        TITLE = "{P}arametric {P}olymorphism in {J}ava: an {A}pproach to {T}ranslation {B}ased on {R}eflective {F}eatures",
        BOOKTITLE = "OOPSLA'00 Proceedings",
   PUBLISHER = "{ACM}",
        PAGES = "146-165",
        YEAR = 2000 }

@INPROCEEDINGS{cartwright:NextGen,
        AUTHOR = "R. Cartwright and G. L. Steele",
        TITLE = "Compatible {G}enericity with {R}un {T}ime {T}ypes for the {J}ava {P}rogramming {L}anguage",
        BOOKTITLE = "OOPSLA'00 Proceedings",
   PUBLISHER = "{ACM}",
        YEAR = 2000 }
	
@INPROCEEDINGS{odersky:Pizza,
        AUTHOR = "M. Odersky and P. Wadler and G. Bracha and D. Stoutamire",
        TITLE = "{P}izza into {J}ava: {T}ranslating {T}heory into {P}ractice",
        BOOKTITLE = "24th ACM Symposium on Principles of Programming Languages",
        PUBLISHER = "{ACM}",
	PAGES = "146-159",
        YEAR = 1997 }


@INPROCEEDINGS{navarre:oopsla,
        AUTHOR = "Remi Bastide and Philippe Palanque and Ousmane Sy and David Navarre",
        TITLE = "Formal {S}pecification of {CORBA} {S}ervices: {E}xperience and {L}essons {L}earned",
	BOOKTITLE = "OOPSLA'00 Proceedings",
        PAGES = "105--117",
   PUBLISHER = "{ACM}",
	YEAR = 2000 }

@INPROCEEDINGS{MacQueen:1988,
	AUTHOR = "D. MacQueen",
	TITLE = "An {I}mplementation of {SML} {M}odules",
	BOOKTITLE = "Conference on Lisp and Functional Programming",
	PAGES = "212-223",
   PUBLISHER = "{ACM}",
	YEAR = "1988"
}


@InProceedings{Asharp,
   title = "A {F}irst {R}eport on the ${A}^\sharp$ {C}ompiler",
   author = "S.M. Watt and P.A. Broadbery and S.S. Dooley and P. Iglio and J.M. Steinbach and R.S. Sutor",
   BOOKTITLE = "ISSAC 94 Proceedings",
   pages = "25--31",
   PUBLISHER = "{ACM}",
   YEAR = "1994"
}


@techreport{frisco1:1999,
 author = {Y. Chicha and F. Defaix and S. Watt},
 title = {{TR536} - {A} {C}++ to {XML} {T}ranslator},
 institution = {Computer Science Department - The University of Western Ontario},
 year = 1999
}

@techreport{friscoug,
 author = {Y. Chicha and F. Defaix and S. Watt},
 title = {{TR537} - {T}he {A}ldor/{C}++ {I}nterface: {U}ser's {G}uide},
 institution = {Computer Science Department - The University of Western Ontario},
 year = 1999
}


@techreport{friscotechrep,
 author = {Y. Chicha and F. Defaix and S. Watt},
 title = {{TR538} - {T}he {A}ldor/{C}++ {I}nterface:  {T}echnical {R}eference},
 institution = {Computer Science Department - The University of Western Ontario},
 year = 1999
}
@article{OpenMath,
 author = "OpenMath",
 title = "{S}pecial {I}ssue on {O}pen{M}ath",
 volume = "34",
 number = "2",
 issue = "132",
 month = "June",
 year = "2000",
 journal = "ACM SIGSAM Bulletin"
}

@misc{frisco:page,
title = "The {FRISCO} {P}roject, \\ http://www.nag.co.uk/projects/FRISCO.html",
author = NAG,
URL = {http://www.nag.co.uk/projects/FRISCO.html},
comment = "Still valid on August 31st, 2005"
}


@misc{paraldor:page,
title = "{Y}et {A}nother {P}araldor {W}eb {P}age",
author = "B\'alint Jo\'o",
URL = {http://www.ph.ed.ac.uk/~bj/paraldor/WWW},
comment = "Still valid on August 31st, 2005"
}


@misc{JNI:page,
title = "{J}ava {N}ative {I}nterface {H}omepage, \\ http://java.sun.com/j2se/1.4.2/docs/guide/jni/",
author = "Sun",
URL = {http://java.sun.com/j2se/1.4.2/docs/guide/jni/},
comment = "Still valid on August 31st, 2005"
}

@misc{ntl,
title = "{NTL}: {A} {L}ibrary for {D}oing {N}umber {T}heory, \\ http://www.shoup.net/ntl/doc/tour.html",
author = "Victor Shoup",
URL = {http://www.shoup.net/ntl/doc/tour.html},
comment = "Still valid on July 30st, 2005"
}

@INPROCEEDINGS{linbox,
        AUTHOR = "J. G. Dumas and T. Gautier and M. Giesbrecht and P. Giorgi and B. Hovinen and E. Kaltofen and B. D. Saunders and W. J. Turner and G. Villard.",
        TITLE = "{L}in{B}ox: {A} {G}eneric {L}ibrary for {E}xact {L}inear {A}lgebra.",
        BOOKTITLE = "Proc. of ICMS",
        PUBLISHER = "{World Scientific Pub}",
        PAGES = "40-50",
        YEAR = 2002 }

@INPROCEEDINGS{JavaAppraisement,
	AUTHOR = "Laurent Bernardin and Bruce Char and Erich Kaltofen",
	TITLE  = "{S}ymbolic {C}omputation in {J}ava: {A}n {A}ppraisement",
	BOOKTITLE = "Proc. ISSAC 1999",
	PUBLISHER = "ACM",
	YEAR = "1999",
	PAGES = "237--244"
}

@INPROCEEDINGS{AldorCAH,
        AUTHOR = "S. M. Watt",
        TITLE = "Aldor",
        BOOKTITLE = "{H}andbook of {C}omputer {A}lgebra",
        EDITOR = "J. Grabmeier and E. Kaltofen and V. Weispfenning",
        PAGES = "154-160",
        YEAR = 2003 }


@INPROCEEDINGS{stephenGC,
        AUTHOR = "S. M. Watt",
        TITLE  = "{A} {S}tudy in the {I}ntegration of {C}omputer {A}lgebra {S}ystems: {M}emory {M}anagement in a {M}aple-{A}ldor {E}nvironment",
        BOOKTITLE = "Proc. International Congress of Mathematical Software",
        PAGES = "405--411",
        YEAR  = 2002 }

@INPROCEEDINGS{mapal_eaca,
	AUTHOR = {C. Oancea and S. M. Watt},
        TITLE = "A {F}ramework for {U}sing {A}ldor {L}ibraries with {M}aple",
        BOOKTITLE = "Actas de los Encuentros de Algebra Computacional y Aplicaciones (EACA)",
        PAGES = {219--224},
        YEAR = {2004} }

@INPROCEEDINGS{mapal_synasc,
        AUTHOR = {Y. Chicha and M. Lloyd and C. Oancea and S. M. Watt},
        TITLE = {Parametric {P}olymorphism for {C}omputer {A}lgebra {S}oftware {C}omponents}, 
        BOOKTITLEOPT = {Proc. 6th International Symposium on Symbolic and Numeric Algorithms for Scientific Comput.},
        BOOKTITLE = {Int. Symp. on Symbolic and Numeric Algorithms for Scientific Comput. (SYNASC)},
        PAGES = {119--130},
	PUBLISHEROPT = {Mirton Publishing House},
        YEAR = {2004} 
}

@BOOK{maple_guide,
        AUTHOR = {M. B. Monagan and K. O. Geddes and K. M. Heal and G. Labahn and S. M. Vorkoetter and J. McCarron and P. DeMarco},
        TITLE = {{M}aple~9 {A}dvanced {P}rogramming {G}uide},
        YEAR = 2003,
        ISBN = {1-894511-44-1},
        PUBLISHER = {Maplesoft} }
	
@INPROCEEDINGS{Sumit,
 author = {M. Bronstein},
 title = {{SUM-IT}: {A} {S}trongly-{T}yped {E}mbeddable {C}omputer {A}lgebra {L}ibrary},
 BOOKTITLE= {Proceedings of DISCO'96, Karlsruhe},
 PUBLISHER = {Springer LNCS 1128},
 YEAR = "1996"
}

@techreport{Triade,
 author = {M. {Moreno Maza}},
 title = {{T}echnical {R}eport {T}{R} 4/99, {O}n {T}riangular {D}ecompositions of {A}lgebraic {V}arieties},
 institution ={NAG Ltd, Oxford, UK},
 YEAR = "1999" 
}



@InProceedings{softwarebus,
   title = "{A}pplications of a {S}oftware {I}nterconnection {S}ystem in {M}athematical {P}roblem {S}olving {E}nvironments",
   author = "James Purtilo",
   BOOKTITLE = "Symposium on Symbolic and Algebraic Manipulation (SYMSAC 86)",
   pages = "16--23",
   PUBLISHER = "{ACM}",
   YEAR = "1986"
}


	
@misc{aldor:page,
AUTHOR = {{S}ymbolic {C}omputation {L}ab -- {U}.{W}.{O}.},
TITLE = {{A}ldor {H}omepage: http://www.aldor.org/},
URL = {http://www.aldor.org/},
comment = "Still valid on May 19th, 2014"
}


@BOOK{red_dragon,
        AUTHOR = {Alfred V. Aho and Monica S. Lam and Ravi Sethi and Jeffrey D. Ullman},
        TITLE = {Compilers, {P}rinciples, {T}echniques, and {T}ools},
        YEAR = 2007,
        ISBN = {0-321-49169-6},
        PUBLISHER = {Pearson Addison Wesley} }





@inproceedings{jalapeno,
 author = {M. G. Burke and J. D. Choi and S. Fink and D. Grove and M. Hind and V. Sarkar and 
M. J. Serrano and V. C. Sreedhar and H. Srinivasan and J. Whaley},
 title = {The {J}alapeno {D}ynamic {O}ptimizing {C}ompiler for {J}ava},
 booktitle = {JAVA '99: Proceedings of the ACM 1999 conference on Java Grande},
 year = {1999},
 isbn = {1-58113-161-5},
 pages = {129--141},
 location = {San Francisco, California, United States},
 doi = {http://doi.acm.org/10.1145/304065.304113},
 publisher = {ACM Press},
}


@inproceedings{spec_buffer,
 author = {M. Prvulovic and M. J. Garzar and L. Rauchwerger and J. Torrellas},
 title = {Removing {A}rchitectural {B}ottlenecks to the {S}calability of {S}peculative {P}arallelization},
 booktitle = {ISCA '01: Proceedings of the 28th annual international symposium on Computer architecture},
 year = {2001},
 isbn = {0-7695-1162-7},
 pages = {204--215},
 location = {Göteborg, Sweden},
 doi = {http://doi.acm.org/10.1145/379240.379264},
 publisher = {ACM Press},
 }

 @INPROCEEDINGS{alma:ISSAC,
	AUTHOR = {C. E. Oancea and S. M. Watt},
        TITLE = "{D}omains and {E}xpressions: {A}n {I}nterface between {T}wo {A}pproaches to {C}omputer {A}lgebra",
        BOOKTITLE = "Procs. Int. Symp. Symbolic Alg. Comp. (ISSAC)",
	    pages = {261--269},
        PUBLISHER = {ACM},
        URLOPT = {http://www.csd.uwo.ca/~coancea/Publications},
        YEAR = 2005 
}

@INPROCEEDINGS{gidl_oopsla,
	AUTHOR = {C. E. Oancea and S. M. Watt},
        TITLE = "{P}arametric {P}olimorphism for {S}oftware {C}omponent {A}rchitectures",
        BOOKTITLE = "Proceedings of the ACM OOPSLA",
        URL = {http://www.csd.uwo.ca/~coancea/Publications},
        YEAR = 2005 
}

@INPROCEEDINGS{jaycos:DTLS,
	AUTHOR = {C. E. Oancea and J. W. A. Selby and M. Giesbrecht and S. M. Watt},
	TITLE = "Distributed {M}odels of {T}hread-{L}evel {S}peculation",
	BOOKTITLE = "Proceedings of the PDPTA'05",
	pages = {920--927},
	URL = {http://www.csd.uwo.ca/~coancea/Publications},
	YEAR = 2005
}


@misc{comdcom+,
	AUTHOR = "Sami Vaisanen",
	TITLE = "{M}icrosoft {C}omponent {T}echnology {C}oncepts: {A}ctive{X}, {COM}, {DCOM}, {COM}+",
	URL = {http://tols17.oulu.fi/~svaisane/texts/microsoft_components_0.2.pdf},
	YEAR = 2005
}

@misc{dcomMicrosoft,
	AUTHOR = "Microsoft Corporation",
	TITLE = "{DCOM} {T}echnical {O}verview. \\ http://msdn.microsoft.com/library/default.asp?url=/library/en-us/dndcom/html/msdn\_dcomtec.asp",
	URL = {http://msdn.microsoft.com/library/default.asp?url=/library/en-us/dndcom/html/msdn_dcomtec.asp},
	YEAR = 1996
}


@BOOK{dotNetSecurity,
        AUTHOR = {Donis Marshall},
        TITLE = {.{NET} {S}ecurity {P}rogramming},
        YEAR = 2003,
        ISBN = {0-471-22285-2},
        PAGESOPT = {496},
        URLOPT   = {http://www.codeguru.com/Csharp/sample_chapter/article.php/c8245/},
        PUBLISHER = {Wiley} }


@INPROCEEDINGS{cardelli:typeSys,
	AUTHOR = {Luca Cardelli},
        TITLE = "{T}ype {S}ystems",
        BOOKTITLE = "Handbook of Computer Science and Engineering, Chapter 103",
        YEAR = 1997 
}

@BOOK{pierce:typesPrgLg,
        AUTHOR = {Benjamin C. Pierce},
        TITLE = {{T}ypes and {P}rogramming {L}anguages},
        YEAR = 2002,
        ISBN = {0-262-16209-1},
        PAGESOPT = {623},
        URLOPT   = {http://www.codeguru.com/Csharp/sample_chapter/article.php/c8245/},
        PUBLISHER = {The MIT Press} }

@INPROCEEDINGS{cpphist:strou,
	AUTHOR = {Bjarne Stroustrup},
        TITLE = "A {H}istory of {C}++: 1979-1991",
        BOOKTITLE = "Paper and talk transcript from History of Programming Languages II conference",
        YEAR = 1993 
}

@BOOK{cppintro:cohoon,
        AUTHOR = {James P. Cohoon and Jack W. Davidson},
        TITLE = {C++ {P}rogram {D}esign: {A}n {I}ntroduction to {P}rogramming 
and Object-Oriented Design, 2nd Edition},
        YEAR = 1999,
        PUBLISHER = {Boston: McGraw-Hill} }

@INPROCEEDINGS{milner:tsml,
	AUTHOR = {Robin Milner},
        TITLE = "A {T}heory of {T}ype {P}olymorphism in {P}rogramming.",
        BOOKTITLE = "Journal of Computer and System Sciences, Vol. 17",
	PAGES = {348-375},
        YEAR = 1978
} 


@INPROCEEDINGS{girard:1972,
	AUTHOR = {Jean Yves Girard},
        TITLE = "Interpretation {F}onctionnelle et {E}limination des {C}oupures de l'{A}rithmetique d'{O}rdre {S}uperieur",
        BOOKTITLE = "Proceedings of the Second Scandinavian Logic Symposium",
	PAGES = "63-92",
        PUBLISHER = "North-Holland",
	YEAR = "1971"
}

@INPROCEEDINGS{reynolds:1974,
	AUTHOR = {John C Reynolds},
        TITLE = "{T}owards a {T}heory of {T}ype {S}tructure",
        BOOKTITLE = "Proc. Colloque sur la Programmation",
	PAGES = "408-425",
        PUBLISHER = "Springer-Verlag LNCS 19",
	YEAR = "1974"
}

@BOOK{reynolds:1998,
	AUTHOR = {John C Reynolds},
        TITLE = "{T}heories of {P}rogramming {L}anguages",
        PUBLISHER = "Cambridge University Press",
	YEAR = "1998"
}

@INPROCEEDINGS{cardelli:1985,
	AUTHOR = {Luca Cardelli},
        TITLE = "{B}asic {P}olymorphism {T}ypechecking",
        BOOKTITLE = "Science of Computer Programming",
	PAGES = "8 (2): 147-172",
	YEAR = "April 1987"
}

@INPROCEEDINGS{HindleyMilnerTS,
	AUTHOR = {Luis Damas and Robin Milner},
        TITLE = "Principal {T}ype-{S}chemes for {F}unctional {P}rograms",
        BOOKTITLE = "ACM Symposium on Principles of Programming Languages (POPL)",
	PAGES = "207-212",
	YEAR = "1982"
}

@INPROCEEDINGS{canning:Fbound,
	AUTHOR = {Peter Canning and William Cook and Walter Hill and Walter Olthoff},
        TITLE = "F-{B}ounded {P}olymorphism for {O}bject {O}riented {P}rogramming",
        BOOKTITLE = "ACM Symposium on Functional Programming Languages and Computer Architecture (FPCA)",
	PAGES = "273-280",
	YEAR = "1989"
}

@INPROCEEDINGS{csharp,
	AUTHOR = {Dachuan Yu and Andrew Kennedy and Don Syme},
        TITLE = "{F}ormalization of {G}enerics for the .{NET} {C}ommon {L}anguage {R}untime",
        BOOKTITLE = "Int. Symp. on Princ. of Prog. Lang. (POPL)",
    PUBLISHER = ACM,
	YEAR = "2004"
}

@INPROCEEDINGS{McCracken:1984,
	AUTHOR = {N. McCracken},
        TITLE = "The {T}ypechecking of {P}rograms with {I}mplicit {T}ype {S}tructure",
        BOOKTITLE = "Semantics of Data Types, LNCS n.173",
	PAGES = "301-316",
	PUBLISHER = "Springer-Verlag",
	YEAR = "1984"
}

@INPROCEEDINGS{Jones:93,
	AUTHOR = {M. P. Jones},
        TITLE = "A {S}ystem of {C}onstructor {C}lasses: {O}verloading and {I}mplicit {H}igher-{O}rder {P}olymorphism",
        BOOKTITLE = "Proc. Functional Programming Languages and Computer Architecture",
	PAGES = "52-61",
	PUBLISHER = "ACM",
	YEAR = "1993"
}

@BOOK{Liskov:1981,
	AUTHOR = {Barbara Liskov and Russell Atkinson and Toby Bloom and Elliott Moss and J. Craig Schaffert and Robert Scheifler and Alan Snyder},
        TITLE = "{CLU} {R}eference {M}anual",
	PUBLISHER = "Springer-Verlag",
	YEAR = "1981"
}


@INPROCEEDINGS{russell,
	AUTHOR = {James Donahue and Alan Demers},
        TITLE = "{D}ata {T}ypes are {V}alues",
        BOOKTITLE = "Trans. on Prog. Lang. and Sys. (TOPLAS)",
        BOOKTITLEOPT = "ACM Transactions on Programming Languages and Systems (TOPLAS)",
	PAGES = "426-445",
	YEAR = "1985"
}

@INPROCEEDINGS{featherweightGJ,
	AUTHOR = {Atsushi Igarashi and Benjamin Pierce and Philip Wadler},
        TITLE = "{F}eatherweight {J}ava: {A} {M}inimal {C}ore {C}alculus for {J}ava and {GJ}",
        BOOKTITLE = "Object-Oriented Programming, Systems, Languages and Applications (OOPSLA)",
	YEAR = "1999"
}

@INPROCEEDINGS{antiunification,
	AUTHOR = {John C. Reynolds},
        TITLE = "{T}ransformational {S}ystems and the {A}lgebraic {S}tructure of {A}tomic {F}ormulas",
        BOOKTITLE = "Machine Intelligence, 5(1)",
	PAGES = "135-151",
	YEAR = "1970"
}

@INPROCEEDINGS{generalization,
	AUTHOR = {G. D. Plotkin},
        TITLE = "A {N}ote on {I}nductive {G}eneralization",
        BOOKTITLE = "Machine Intelligence",
	PAGES = "153-163",
	YEAR = "1970"
}

@INPROCEEDINGS{reified_type,
	AUTHOR = {Ralph E. Johnson},
        TITLE = "Type {O}bject",
        BOOKTITLE = "EuroPLoP",
	YEAR = "1996"
}

@INPROCEEDINGS{PhantomTypes,
	AUTHOR = {Matthew Fluet and Riccardo Pucella},
        TITLE = "Phantom {T}ypes and {S}ubtyping",
        BOOKTITLE = "IFIP TCS",
	PAGES = "448-460",
	YEAR = "2002"
}

%% Fortran like parallelization techniques %%

@INPROCEEDINGS{parFortran,
	AUTHOR = {V. S. Adve},
        TITLE = "An {I}ntegrated {C}ompilation and {P}erformance {A}nalysis {E}nvironment for {D}ata {P}arallel {P}rograms",
        BOOKTITLE = "SC'95 San Diego, CA",
	YEAR = "November 1995"
}

@BOOK{parHLproblems,
        AUTHOR = {R. Allen and K. Kennedy},
        TITLE = {Optimizing {C}ompilers for {M}odern {A}rchitectures},
        YEAR = 2001,
        PUBLISHER = {Morgan Kaufmann Publishers, San Fransisco, CA} }

%% Instruction level parallelism limits are reached %%

@techreport{ILPlimits,
 author = {D. Wall},
 title = {{L}imits of {I}nstruction {L}evel {P}arallelism},
 institution ={DEC Western Research Lab WRL-TN-15},
 YEAR = "1990" 
}
%December 
@InProceedings{case4cmp,
 author = {K. Olukotun and B. A. Nayfeh and L. Hammond and K. Wilson and K. Chang},
 title = {The {C}ase for a {S}ingle-{C}hip {M}ultiprocessor},
 booktitle = {ASPLOS-VII},
 year = {1996},
 isbn = {0-89791-767-7},
 pages = {2--11},
 location = {Cambridge, Massachusetts, United States},
 publisher = {ACM Press},
 }


%% TLS %%

@INPROCEEDINGS{spec:idemp,
        AUTHOR = "Seon Kim and Chong Ooi and Rudolf Eigenmann and Babak Falsafi and T. Vijaykumar",
        TITLE = "{R}eference {I}dempotency {A}nalysis: {A} {F}ramework for {O}ptimizing {S}peculative {E}xecution",
        BOOKTITLE = "PPOPP'01"
}
@INPROCEEDINGS{spec:JavaSpMT,
        AUTHOR = "Iffat H. Kazi and David J. Lilja",
        TITLE = "{J}ava{S}p{MT}: {A} {S}peculative {T}hread {P}ipelining {P}arallelization {M}odel for {J}ava {P}rograms",
        BOOKTITLE = "PPOPP'01 Proceedings",
   	PUBLISHER = "{ACM}",
        YEAR = 2001 }


@Article{tsag,
  author    = {Iffat H. Kazi and
               David J. Lilja},
  title     = {Coarsed-{G}rained {T}hread {P}ipelining: {A} {S}peculative {P}arallel {E}xecution {M}odel for {S}hared-{M}emory {M}ultiprocessors},
  journal   = {IEEE Transactions on Parallel and Distributed Systems},
  volume    = {12},
  number    = {9},
  year      = {September 2001}
}


@INPROCEEDINGS{spec:MLP,
        AUTHOR = "Michael K. Chen and Kunle Olukotun",
        TITLE = "{E}xploiting {M}ethod {L}evel {P}arallelism in {S}ingle {T}hreaded {J}ava {P}rograms",
        BOOKTITLE = "PACT'98 Proceedings",
   	PUBLISHER = "{IEEE}",
        YEAR = 1998 }

@INPROCEEDINGS{spec:MSSP,
        AUTHOR = "Craig Zilles and Gurindar Sohi",
        TITLE = "{M}aster/{S}lave {S}peculative {P}arallelization",
        BOOKTITLE = "Micro-35 Proceedings",
   	PUBLISHER = "{ACM}",
        YEAR = 2002 }

@INPROCEEDINGS{spec:ScalarValue,
        AUTHOR = "Antonia Zhai and Cristopher B. Colohan and J. Gregory Steffan and Todd C. Mowry",
        TITLE = "{C}ompiler {O}ptimization of {S}calar {V}alue {C}ommunication {B}etween {S}peculative {T}hreads",
        BOOKTITLE = "ASPLOS X",
        YEAR = 2002 }

@INPROCEEDINGS{spec:ThreadPart,
        AUTHOR = "Anasua Bhowmik and Manoj Franklin",
        TITLE = "A {G}eneral {C}ompiler {F}ramework for {S}peculative {M}ultithreading",
        BOOKTITLE = "SPAA'02 Proceedings",
   	PUBLISHER = "{ACM}",
        YEAR = 2002 }

@Article{power4,
  author    = {J. M. Tendler and
               J. S. Dodson and
               J. S. Fields Jr. and
               H. Le and
               B. Sinharoy},
  title     = {{POWER}4 {S}ystem {M}icroarchitecture.},
  journal   = {IBM Journal of Research and Development},
  volume    = {46},
  number    = {1},
  year      = {2002},
  pages     = {5-26},
}

@inproceedings{predictor,
 author = {Y. Sazeides and J. E. Smith},
 title = {The {P}redictability of {D}ata {V}alues},
 booktitle = {MICRO 30: 30th International Symposium on Microarchitecture},
 year = {1997},
 isbn = {0-8186-7977-8},
 pages = {248--258},
 location = {Research Triangle Park, North Carolina, United States}
 }F

@Article{software_tls,
  author = 	 {P. Rundberg and P. Stenstr\"om},
  title = 	 {An {A}ll-{S}oftware {T}hread-{L}evel {D}ata {D}ependence {S}peculation {S}ystem for {M}ultiprocs},
  journal = 	 "Journal of Instruction-Level Parallelism",
  year = 	 {1999},
  OPTvolume = 	 {1},
  OPTmonth = 	 "March",
URL = "http://www.jilp.org/vol1"
}

@INPROCEEDINGS{Javafutures,
	AUTHOR = {Adam Welc and Suresh Jagannathan and Antony Hosking},
        TITLE = "{S}afe {F}utures for {J}ava",
        BOOKTITLE = "OOPSLA'06",
	PAGES = "439-453",
	YEAR = "2006"
}

@INPROCEEDINGS{R-LRPD,
  author = 	 { Francis Dang and Hao Yu and Lawrence Rauchwerger},
  title  =   {The {R-LRPD} {T}est: {S}peculative {P}arallelization of {P}artially {P}arallel {L}oops},
  BOOKTITLE =   "Int. Par. and Distr. Processing Symp. (PDPS)",
  pages =    {20--29},
  year = 	 {2002}
}

@Article{LRPD,
  author = 	 {L. Rauchwerger and D. Padua},
  title = 	 {The {LRPD} {T}est: {S}peculative {R}un-{T}ime {P}arallelization
of {L}oops with {P}rivatization and {R}eduction {P}arallelization},
  journal = 	 "IEEE Trans. Parallel Distrib. System",
  year = 	 {1999},
  volume = 	 {10(2)},
  monthOPT = 	 "Feb",
  PAGES = "160-199"
}

@INPROCEEDINGS{Jrpm,
	AUTHOR = {Michael K. Chen and Kunle Olukotun},
        TITLE = "The {J}rpm {S}ystem for {D}ynamically {P}arallelizing {J}ava {P}rograms",
        BOOKTITLE = "ISCA-30",
	YEAR = "June 2003"
}

@INPROCEEDINGS{hydra,
	AUTHOR = {L. Hammond and M. Willey and Kunle Olukotun},
        TITLE = "Data {S}peculation {S}upport for {C}hip {M}ultiprocessor",
        BOOKTITLE = "ASPLOS",
	YEAR = "1998"
}

@INPROCEEDINGS{majc,
	AUTHOR = {Sun Microsystems},
        TITLE = "{MAJC} architecture tutorial",
        BOOKTITLE = "White Paper",
	YEAR = "1999"
}

@INPROCEEDINGS{stampede,
	AUTHOR = {J. G. Steffan and C. G. Colohan and A. Zhai and T.C. Mowry},
        TITLE = "A {S}calable {A}pproach for {T}hread {L}evel {S}peculation",
        BOOKTITLE = "ISCA-27",
	YEAR = "2000"
}

@INPROCEEDINGS{multiscalar,
	AUTHOR = {G. S. Sohi and S. E. Breach and T. N. Vijaykumar},
        TITLE = "Multiscalar {P}rocessors",
        BOOKTITLE = "ISCA-22",
	PAGES = "414-425",
	YEAR = "June 1995"
}

@INPROCEEDINGS{cintra,
	AUTHOR = {Marcelo Cintra and Diego R. Llanos},
        TITLE = "Toward {E}fficient and {R}obust {S}oftware {S}peculative {P}arallelization on {M}ultiprocessors",
        BOOKTITLE = "Proceedings Principles and Practice of Parallel Programming (PPoPP)",
        locationopt = "San Diego, California",
	YEAR = "2003",
        PAGES = "13-24"
}

@INPROCEEDINGS{cintraTLScost,
	AUTHOR = {Jialin Dou and Marcelo Cintra},
        TITLE = "A {C}ompiler {C}ost {M}odel for {S}peculative {P}arallelization",
        BOOKTITLE = "ACM TACO",
	YEAR = "vol. 4, no. 2, June 2007"
}


@INPROCEEDINGS{SpLSC,
	AUTHOR = {Cosmin E. Oancea and Alan Mycroft},
    TITLE = "Software {T}hread-{L}evel {S}peculation -- {A}n {O}ptimistic {L}ibrary {I}mplementation",
    BOOKTITLE = "IWMSE",
	YEAR      = {2008}
}


@INPROCEEDINGS{OanceaSpLIP,
    author = {Cosmin E. Oancea and Alan Mycroft and Tim Harris},
    title = {A {L}ightweight, {I}n-{P}lace {M}odel for {S}oftware {T}hread-{L}evel {S}peculation},
    booktitle = {Int. Symp. on Par. Alg. Arch. (SPAA)},
    year = {2009},
    pages = {223--232}
}

@inproceedings{Oancea:Tracing,
 author = {Oancea, Cosmin E. and Mycroft, Alan and Watt, Stephen M.},
 title = {A {N}ew {A}pproach to {P}arallelising {T}racing {A}lgorithms},
 booktitle = {Procs. Int. Symp. on Memory Management (ISMM)},
 seriesOPT = {ISMM '09},
 year = {2009},
 isbnOPT = {978-1-60558-347-1},
 location = {Dublin, Ireland},
 pages = {10--19},
 numpages = {10},
 urlOPT = {http://doi.acm.org/10.1145/1542431.1542434},
 doi = {10.1145/1542431.1542434},
 acmidOPT = {1542434},
 publisher = {ACM},
 addressOPT = {New York, NY, USA},
 keywordsOPT = {memory-centric tracing algorithm, parallel}
} 


@INPROCEEDINGS{OanceaSetCongrDynAn,
    author = {Cosmin E. Oancea and Alan Mycroft},
    title = {Set-{C}ongruence {D}ynamic {A}nalysis for {S}oftware {T}hread-{L}evel {S}peculation ({TLS})},
    booktitle = {Procs. Langs. Comp. Parallel Computing (LCPC)},
    year = {2008},
    pages = {156--171}
}


@INPROCEEDINGS{FabianBufferKD,
    author = {Fabian C. Gieseke and Justin Heinermann and Cosmin E. Oancea and Christian Igel},
    title = {Buffer k-d trees: processing massive nearest neighbor queries on {GPU}s},
    booktitle = {Int. Conf. on Machine Learning (ICML)},
    year = {2014}
}

@INPROCEEDINGS{AntonAlan,
	AUTHOR = {A. Lokhmotov and A. Mycroft and  A. Richards},
        TITLE = "{D}elayed {S}ide-{E}ffects {E}ase {M}ulti-{C}ore {P}rogramming",
        BOOKTITLE = "Euro-Par'07, Rennes, France"
}

@INPROCEEDINGS{POSH,
	AUTHOR = {Wei Liu and James Tuck and Luis Ceze and Wonsun Ahn and Karin Strauss and Jose Renau and Josep Torrellas },
        TITLE = "{POSH}: {A} {TLS} {C}ompiler that {E}xploits {P}rogram {S}tructure",
        BOOKTITLE = "PPoPP'06"
}

@article{STMharris,
 author = {Fraser, Keir and Harris, Tim},
 title = {Concurrent {P}rogramming {W}ithout {L}ocks},
 journal = {Trans. of Comput. Syst. (TOCS)},
 issue_dateOPT = {May 2007},
 volume = {25},
 number = {2},
 month = may,
 year = {2007},
 issnOPT = {0734-2071},
 articlenoOPT = {5},
 urlOPT = {http://doi.acm.org/10.1145/1233307.1233309},
 doiOPT = {10.1145/1233307.1233309},
 acmidOPT = {1233309},
 publisher = {ACM},
 addressOPT = {New York, NY, USA},
 keywordsOPT = {Concurrency, lock-free systems, transactional memory},
} 

@INPROCEEDINGS{STMstrongatom,
  author    = {Tatiana Shpeisman and Vijay Menon and A. Adl-Tabatabai and Steven Balensiefer and San Grossman and Richard Hudson and Katherine Moore and Bratin Saha},
  title     = {Enforcing {I}solation and {O}rdering in {STM}},
  BOOKTITLE   = {PLDI'07}
}

@INPROCEEDINGS{LowPtrChecks,
  author    = { Dinakar Dhurjati and Vikram Adve},
  title     = {Backwards-{C}ompatible array {B}ounds {C}hecking for {C} with {V}ery {L}ow {O}verhead},
  BOOKTITLE   = {28th international conference on Software engineering},
  year      = {2006}
}

@INPROCEEDINGS{PtrChecks,
  author    = { R. W. M. Jones and P. H. J. Kelly },
  title     = {Backwards-{C}ompatible {B}ounds {C}hecking for {A}rrays and {P}ointers in {C} {P}rograms},
  BOOKTITLE   = {Automated and Algorithmic Debugging},
  PAGES       = {13-26},
  year      = {1997}
}

@INPROCEEDINGS{Octogon,
  author    = { Antoine Min\'e },
  title     = {The {O}ctogon {A}bstract {D}omain},
  BOOKTITLE   = {Higher-Order and Symbolic Computation Journal, Vol. 19},
  year = {2006}
}

@INPROCEEDINGS{Trapezoid,
  author    = { F. Masdupuy },
  title     = {Array {O}perations {A}bstraction {U}sing {S}emantic {A}nalysis of {T}rapezoid
{C}ongruences},
  BOOKTITLE   = {ICS '92}
}


@INPROCEEDINGS{AbstrInterpr,
  author    = { Patrick Cousot and Radhia Cousot  },
  title     = {Systematic {D}esign of {P}rogram {A}nalysis {F}rameworks},
  BOOKTITLE   = {6th Symposium on Principles of Programming Languages},
  YEAR      = {1979}
}

@INPROCEEDINGS{Chilimbi1,
  author    = { Trishul M. Chilimbi and Bob Davidson and James R. Larus },
  title     = {Cache-{C}onscious {S}tructure {D}efinition},
  BOOKTITLE   = {PLDI'99}
}

@INPROCEEDINGS{Chilimbi2,
  author    = { Trishul M. Chilimbi and  James R. Larus  },
  title     = {Using {G}enerational {G}arbage {C}ollection to {I}mplement {C}ache-{C}onscious {D}ata {P}lacement},
  BOOKTITLE   = {ISMM},
  YEAR      = {1998}
}

@INPROCEEDINGS{granger,
  author    = { Philippe Granger },
  title     = {Static {A}nalysis of {L}inear {C}ongruence {E}qualities among {V}ariables of a {P}rogram},
  BOOKTITLE   = {LNCS, Vol. 493},
  YEAR      = {1991}
}


%%%%%%%%%%%%%%%%%%%%%%%%%%%%%%%%%%%%%%%%%%%%%%%%%%%%%%%%%%%%%%
%%%%%%% COMPILER TECHNIQUES FOR EXTRACTING PARALLELISM %%%%%%%
%%%%%%%%%%%%%%%%%%%%%%%%%%%%%%%%%%%%%%%%%%%%%%%%%%%%%%%%%%%%%%

@BOOK{OptCompModernArch,
	AUTHOR = {Randy Allen and Ken Kennedy},
        TITLE = "{O}ptimizing {C}ompilers for {M}odern {A}rchitectures",
	PUBLISHER = "Morgan Kaufmann",
        PAGES = {790},
        ISBN = {1-55860-286-0},
	YEAR = "2002"
}

@ARTICLE{Pugh92theomega,
    author = {William Pugh},
    title = {{T}he {O}mega {T}est: a {F}ast and {P}ractical {I}nteger {P}rogramming {A}lgorithm for {D}ependence {A}nalysis},
    journal = {Com. of the ACM},
    journalOPT = {Communications of the ACM},
    year = {1992},
    volume = {8},
    pages = {4--13}
}

@ARTICLE{FeautrierParInt,
    author = {Paul Feautrier},
    title = {{P}arametric {I}nteger {P}rogramming},
    journal = {Operations Research},
    pages = {243--268},
    volume = {22(3)},
    year = {1988}
}

@ARTICLE{FeautrierDataflow,
    author = {Paul Feautrier},
    title = {{D}ataflow {A}nalysis of {A}rray and {S}calar {R}eferences},
    journal = {Int. Journal of Par. Prog},
    journalOPT = {International Journal of Parallel Programming},
    pages = {23--54},
    volume = {20(1)},
    year = {1991}
}

@INPROCEEDINGS{Blume94symbolicrange,
    author = {William Blume and Rudolf Eigenmann},
    title = {{S}ymbolic {R}ange {P}ropagation},
    booktitle = {Proceedings of the 9th International Parallel Processing Symposium},
    year = {1994},
    pages = {357--363}
}

@INPROCEEDINGS{Blume95symbolicrange,
    author = {William Blume and Rudolf Eigenmann},
    title = {{D}emand-{D}riven, {S}ymbolic {R}ange {P}ropagation},
    booktitle = {Procs. Int. Lang. Comp. Par. Comp. (LCPC)},
    year = {1995},
    pages = {141--160},
    publisherOPT = {Springer Verlag}
}

@INPROCEEDINGS{Blume94RangeTest,
    author = {William Blume and Rudolf Eigenmann},
    title =  {The {R}ange {T}est: {A} {D}ependence {T}est for {S}ymbolic, {N}on-{L}inear {E}xpressions},
    booktitle = {Procs. Int. Conf. on Supercomp. (ICS)},
    year = {1994},
    pages = {528--537}
}

@ARTICLE{Blume92PerfectCodesEval,
    author = {William Blume and Rudolf Eigenmann},
    title = {Performance {A}nalysis of {P}arallelizing {C}ompilers on the {P}erfect {B}enchmarks {P}rograms},
    journal = {IEEE Transactions on Parallel and Distributed Systems},
    year = {1992},
    volume = {3},
    pages = {643--656}
}

@ARTICLE{BlumePolaris,
    author = {William Blume and {\em et} al.},
    title = {Parallel {P}rogramming {W}ith {P}olaris},
    journal = {Computer},
    year    = {1996},
    volume  = {29(12)}
}


@INPROCEEDINGS{ExtRed,
    author = {B. Lu and J. Mellor-Crummey.},
    title =  {Compiler {O}ptimization of {I}mplicit {R}eductions for {D}istributed {M}emory {M}ultiprocessors},
    booktitle = {Int. Par. Proc. Symp. (IPPS)},
    year = {1998}
}

@ARTICLE{HoeflingerDepTest,
    author = {Jay Hoeflinger and Yunheung Paek and Kwang Yi},
    title = {Unified {I}nterprocedural {P}arallelism {D}etection},
    journalOPT = {International Journal of Parallel Programming},
    journal = {Int. Journal of Par. Prog},
    pages = {185--215},
    volume = {29(2)},
    DOIopt = {doi>10.1023/A:1007685003043},
    year = {2001}
}


@BOOK{PhDHoeflinger,
	AUTHOR = {Jay Hoeflinger},
        TITLE = "Interprocedural Parallelization Using memory classification analysis",
	PUBLISHER = "Ph.D. Thesis, University of Illinois at Urbana-Champaign Champaign",
        ISBN = {0-599-10583-6},
	YEAR = "1998"
}

@ARTICLE{LMAD,
    author = {Yunheung Paek and Jay Hoeflinger and David Padua},
    title = {Efficient and {P}recise {A}rray {A}ccess {A}nalysis},
    journal = {Trans. on Prog. Lang. and Sys. (TOPLAS)},
    journalOPT = {ACM Transactions on Programming Languages and Systems},
    pages = {65--109},
    volume = {24(1)},
    year = {2002}
}


@INPROCEEDINGS{PaduaDemDrInterproc,
    author = {Yuan Lin and David Padua},
    title = {Demand-{D}riven {I}nterprocedural {A}rray {P}roperty {A}nalysis},
    booktitle = {Procs. Int. Lang. Comp. Par. Comp. (LCPC)},
    year = {1999},
    publisherOPT = {Springer-Verlag},
    pages = {303--317}
}

@INPROCEEDINGS{PaduaStackArr,
    author = {Yuan Lin and David Padua},
    title = {Analysis of {I}rregular {S}ingle-{I}ndexed {A}rrays and its {A}pplications in {C}ompiler {O}ptimizations},
    booktitle = {Procs. Int. Conf. on Compiler Construction},
    publisherOPT = {Springer-Verlag},
    year = {2000},
    pages = {202--218}
}

@ARTICLE{Pugh98NonlinPresb,
    author = {William Pugh and David Wonnacott},
    title = {Constraint-{B}ased {A}rray {D}ependence {A}nalysis},
    journal = {Trans. on Prog. Lang. and Sys.},
    volume = {20(3)},
    pages = {635--678},
    year = {1998}
}

@ARTICLE{SUIF,
    author = {Mary W. Hall and Saman P. Amarasinghe and Brian R. Murphy and Shih-Wei Liao and Monica S. Lam},
    title = {Interprocedural {P}arallelization {A}nalysis in {SUIF}},
    journal = {Trans. on Prog. Lang. and Sys. (TOPLAS)},
    journalOPT = {ACM Transactions on Programming Languages and Systems (TOPLAS)},
    pages = {662--731},
    volume = {27(4)},
    DOIopt = {doi>10.1145/1075382.1075385},
    year = {2005}
}

@INPROCEEDINGS{Moon99PredArrDataFlow,
    author = {Sungdo Moon and Mary W. Hall},
    title = {Evaluation of {P}redicated {A}rray {D}ata-{F}low {A}nalysis for {A}utomatic {P}arallelization},
    booktitle = {Int. Symp. Princ. and Practice of Par. Prog. (PPoPP)},
    year = {1999},
    pages = {84--95}
}


@ARTICLE{BanerjeeIneqTest,
    author = {U. Banerjee},
    title = {Speedup of {O}rdinary {P}rograms},
    journal = {Ph.D. Thesis, Univ. of Illinois at Urbana-Champaign},  
    volume = {Report No. 79-989},
    year = {1988},
    journalOPT = {Ph.D. Thesis, Dept. of Comp. Sci. Univ. of Illinois at Urbana-Champaign}
}

@ARTICLE{HybAn,
    author = {Silvius Rus and Jay Hoeflinger and Lawrence Rauchwerger},
    title = {Hybrid {A}nalysis: {S}tatic \& {D}ynamic {M}emory {R}eference {A}nalysis},
    journalopt = {International Journal of Parallel Programming},
    journal = {Int. Journal of Par. Prog},
    pages = {251--283},
    volume = {31(3)},
    DOIopt = {doi>10.1145/1075382.1075385},
    year = {2003}
}


@INPROCEEDINGS{SensAn,
    author = {Silvius Rus and Maikel Pennings and Lawrence Rauchwerger},
    title = {Sensitivity {A}nalysis for {A}utomatic {P}arallelization on {M}ulti-{C}ores},
    booktitle = {Procs. Int. Conf. on Supercomp},
    year = {2007},
    pages = {263--273}
}

@INPROCEEDINGS{VEG,
    author = {Silvius Rus and Dongmin Zhang and Lawrence Rauchwerger},
    title = {The {V}alue {E}volution {G}raph and its {U}se in {M}emory {R}eference {A}nalysis.},
    booktitle = {Procs of Int. Conf. on Par. Arch. and Comp. Tech. (PACT)},
    year = {2004},
    pages = {243--254}
}

@INPROCEEDINGS{LRPDopt,
    author = { Hao Yu and Lawrence Rauchwerger },
    title =  { {T}echniques for {R}educing the {O}verhead of {R}un-{T}ime {P}arallelization},
    booktitle = {Procs. Int. Conf. on Compiler Construction},
    year = {2000},
    pages = {232--248}
}

@INPROCEEDINGS{CompactCDG,
    author = {Ron Cytron and Jeanne Ferrante and Vivek Sarkar},
    title = {Compact Representation for Control Dependence},
    booktitle = {Proceedings of International Conference on Programming Languages and Design Implementation (PLDI)},
    year = {1990},
    pages = {337--351}
}

@INPROCEEDINGS{ArrRegOverestim,
    author = {Beatrice Creusillet and Francois Irigoin},
    title = {Exact vs. {A}pproximate {A}rray {R}egion {A}nalysis},
    booktitle = {Int. Work. Lang. and Compilers for Par. Computing (LCPC)},
    year = {1996},
    pages = {86--100},
    publisher = "LNCS",
    volume = 1239
}

@INPROCEEDINGS{Engelen04aunified,
    author = {Robert A. Van Engelen},
    title = {A unified framework for nonlinear dependence testing and symbolic analysis},
    booktitle = {Procs. Int. Conf. on Supercomputing},
    year = {2004},
    pages = {106--115}
}

@ARTICLE{Fahringer97EffSymb,
    author = {Thomas Fahringer},
    title = {Efficient {S}ymbolic {A}nalysis for {P}arallelizing {C}ompilers and {P}erformance {E}stimator},
    journal = {Journal of Supercomp},
    year = {1997},
    volume = {12},
    pages = {227-252}
}

@ARTICLE{InspExecWave,
    author = {Lawrence Rauchwerger and Nancy Amato and David Padua},
    title = {A {S}calable {M}ethod for {R}un {T}ime {L}oop {P}arallelization},
    journal = {Int. Journal of Par. Prog},
    journalOPT = {International Journal of Parallel Programming},
    year = {1995},
    volume = {26},
    pages = {26--6}
}

@ARTICLE{Berry88theperfect,
    author = {M. Berry and D. Chen and P. Koss and D. Kuck and S. Lo and Y. Pang and L. Pointer and R. Roloff and A. Sameh and E. Clementi and S. Chin and D. Schneider and G. Fox and P. Messina and D. Walker and C. Hsiung and J. Schwarzmeier and K. Lue and S. Orszag and F. Seidl and O. Johnson and R. Goodrum},
    title = {The {PERFECT} {C}lub {B}enchmarks: {E}ffective {P}erformance {E}valuation of {S}upercomputers},
    journal = {International Journal of Supercomputer Applications},
    year = {1988},
    volume = {3},
    pages = {5--40}
}

@INPROCEEDINGS{OanceaMon,
    author = {Cosmin E. Oancea and Lawrence Rauchwerger},
    title = {A {H}ybrid {A}pproach to {P}roving {M}emory {R}eference {M}onotonicity},
    booktitle = {Procs. Int. Lang. Comp. Par. Comp. (LCPC)},
    year = {2011},
    pagesopt = {337--351}
}

@INPROCEEDINGS{ArraySSA,
    author = {Silvius Rus and Guobin He and Christophe Alias and Lawrence Rauchwerger},
    title = {Region {SSA}},
    booktitle = {Int. Conf. Par. Arch. Compilation Techniques (PACT)},
    year = {2006},
    pagesopt = {43--52}
}

@INPROCEEDINGS{OptInspExec,
    author = {Xiaotong Zhuang and Alexandre Eichenberger and Yangchun Luo and Kevin O'Brien and Kathryn O'Brien},
    title = {Exploiting {P}arallelism with {D}ependence-{A}ware {S}cheduling},
    booktitle = {Int. Conf. Par. Arch. Compilation Tech. (PACT)},
    year = {2009},
    pages = {193--202}
}

@phdthesis{StroutPhD,
 author = {Strout, Michelle Mills},
 title = {Performance transformations for irregular applications},
 year = {2003},
 note = {AAI3094622},
 publisher = {University of California, San Diego},
} 

@inproceedings{StroutReordering,
 author = {Strout, Michelle Mills and Carter, Larry and Ferrante, Jeanne},
 title = {Compile-time {C}omposition of {R}un-time {D}ata and {I}teration {R}eorderings},
 booktitle = {Procs. Int. Conf. Prog. Lang. Design and Implem. (PLDI)},
 seriesOPT = {PLDI '03},
 year = {2003},
 isbnOPT = {1-58113-662-5},
 locationOPT = {San Diego, California, USA},
 pages = {91--102},
 numpagesOPT = {12},
 urlOPT = {http://doi.acm.org/10.1145/781131.781142},
 doiOPT = {10.1145/781131.781142},
 acmidOPT = {781142},
 publisher = {ACM},
 addressOPT = {New York, NY, USA},
 keywordsOPT = {data remapping, inspector/executor, iteration reordering, optimization, run-time transformations, sparse tiling},
} 



@INPROCEEDINGS{ParTiling,
    author = {Lakshminarayanan Renganarayanan and DaeGon Kim and Sanjay Rajopadhye and Michelle Mills Strout},
    title = {Parameterized {T}iled {L}oops for {F}ree},
    booktitle = {Int. Conf. Prog. Lang. Design Implem. (PLDI)},
    year = {2007},
    pages = {193--202}
}



@INPROCEEDINGS{GamessDif,
    author = {B. Armstrong and R. Eigenmann},
    title = {Application of {A}utomatic {P}arallelization to {M}odern {C}hallenges of {S}cientific {C}omputing {I}ndustries},
    booktitle = {Int. Conf. Parallel Proc. (ICPP)},
    year = {2008},
    pages = {279--286 }
}

@INPROCEEDINGS{Adve98usinginteger,
    author = {Vikram Adve and John Mellor-crummey},
    title = {Using Integer Sets for Data-Parallel Program Analysis and Optimization},
    booktitle = {In Proceedings of the SIGPLAN '98 Conference on Programming Language Design and Implementation},
    year = {1998}
}

@ARTICLE{Sobol,
    author = {Paul Bratley and Bennett L. Fox},
    title = {Algorithm 659 {I}mplementing {S}obol's {Q}uasirandom {S}equence {G}enerator},
    journal = {ACM Trans. on Math. Software (TOMS)},
    year = {1988},
    volume = {14(1)},
    pages = {88-100}
}

@Book{glasserman2004monte,
 author = {Glasserman, Paul},
 title = {Monte Carlo {M}ethods in {F}inancial {E}ngineering},
 publisher = {Springer},
 year = {2004},
 address = {New York},
 isbn = {0387004513}
 }

 @Book{watkins1991fundamentals,
 author = {Watkins, David},
 title = {Fundamentals of matrix computations},
 publisher = {Wiley},
 year = {1991},
 address = {New York},
 isbn = {0471614149}
 }

 @article{black1973pricing,
  title={The {P}ricing of {O}ptions and {C}orporate {L}iabilities},
  author={Black, F. and Scholes, M.},
  journal={The Journal of Political Economy},
  pages={637--654},
  year={1973},
  publisher={JSTOR}
}

@book{hull2009options,
  title={Options, {F}utures {A}nd {O}ther {D}erivatives},
  author={Hull, J.},
  year={2009},
  publisher={Prentice Hall}
}

@article{marsaglia2004evaluating,
  title={Evaluating the normal distribution},
  author={Marsaglia, G.},
  journal={Journal of Statistical Software},
  volume={11},
  number={4},
  pages={1--7},
  year={2004},
  publisher={American Statistical Association}
}

@article{wichura1988algorithm,
  title={Algorithm {AS} 241: {T}he percentage points of the {N}ormal distribution},
  author={Wichura, M.J.},
  journal={Journal of the Royal Statistical Society. Series C (Applied Statistics)},
  volume={37},
  number={3},
  pages={477--484},
  year={1988},
  publisher={JSTOR}
}


@inproceedings{PolyhedralOpt,
 author = {Pouchet, Louis-No\"{e}l and Bondhugula, Uday and Bastoul, C{\'e}dric and Cohen, Albert and Ramanujam, J. and Sadayappan, P. and Vasilache, Nicolas},
 title = {Loop {T}ransformations: {C}onvexity, {P}runing and {O}ptimization},
 booktitle = {Procs. Symp. Principles of Prog. Lang. (POPL)},
 seriesOPT = {POPL '11},
 year = {2011},
 isbnOPT = {978-1-4503-0490-0},
 locationOPT = {Austin, Texas, USA},
 pages = {549--562},
 numpagesOPT = {14},
 urlOPT = {http://doi.acm.org/10.1145/1926385.1926449},
 doiOPT = {10.1145/1926385.1926449},
 acmidOPT = {1926449},
 publisher = {ACM},
 addressOPT = {New York, NY, USA},
 keywordsOPT = {affine scheduling, compilation, compiler optimization, loop transformations, parallelism},
} 


%\bibitem[Pouchet et~al.(2011)Pouchet, Bondhugula, Bastoul, Cohen, Ramanujam, Sadayappan, and Vasilache]{PolyhedralOpt}

@INPROCEEDINGS{CosPLDI,
    author = {Cosmin E. Oancea and Lawrence Rauchwerger},
    title = {Logical {I}nference {T}echniques for {L}oop {P}arallelization},
    booktitle = {Procs. of Int. Conf. Prog. Lang. Design and Impl. (PLDI)},
    year = {2012},
    pages={509--520}
}

% LIST-HOMOMORPHISM
@inproceedings{BirdListTh,
 author = {R. S. Bird},
 title = {An {I}ntroduction to the {T}heory of {L}ists},
 booktitle = {NATO Inst. on Logic of Progr. and Calculi of Discrete Design},
 year = {1987},
 isbnOPT = {0-387-18003-6},
 locationOPT = {Marktoberdorf, Germany},
 pages = {5--42},
 numpagesOPT = {38},
 urlOPT = {http://dl.acm.org/citation.cfm?id=42675.42676},
 acmidOPT = {42676},
 publisherOPT = {Springer-Verlag New York, Inc.},
 addressOPT = {New York, NY, USA},
} 

@article{Bird2,
 author = {R. S. Bird},
 title = {Algebraic {I}dentities for {P}rogram {C}alculation},
 journal = {Computer Journal},
 issue_dateOPT = {April 1989},
 volume = {32},
 number = {2},
 monthOPT = apr,
 year = {1989},
 issnOPT = {0010-4620},
 pages = {122--126},
 numpagesOPT = {5},
 urlOPT = {http://dx.doi.org/10.1093/comjnl/32.2.122},
 doiOPT = {10.1093/comjnl/32.2.122},
 acmidOPT = {63413},
 publisherOPT = {Oxford University Press},
 addressOPT = {Oxford, UK},
} 

%Elsevier Series in Advances in Parallel Computing
@inproceedings{ColeNearHom,
    author = {Murray Cole},
    title = {Parallel {P}rogramming, {L}ist {H}omomorphisms and the {M}aximum {S}egment {S}um {P}roblem},
    booktitle = {Procs. of Parco 93}, 
    year = {1993}
}

@INPROCEEDINGS{GorlatchDistrHom,
    author = {Sergei Gorlatch},
    title = {Systematic {E}fficient {P}arallelization of {S}can and {O}ther {L}ist {H}omomorphisms},
    booktitle = {Ann. European Conf. on Par. Proc. LNCS 1124},
    year = {1996},
    pages = {401--408},
    publisher = {Springer-Verlag}
}

@INPROCEEDINGS{Gorlatch:AntiUnif,
AUTHOR = "Sergei Gorlatch",
TITLE = "Systematic {E}xtraction and {I}mplementation of {D}ivide-and-{C}onquer {P}arallelism",
BOOKTITLE = "PLILP'96",
PAGES = {274-288},
YEAR = {1996}, 
}

@article{ThirdLHTh,
  author = {Jeremy Gibbons},
  title = {The {T}hird {H}omomorphism {T}heorem},
  journal = {Journal of Functional Programming (JFP)},
  journalOPT = {J. of Funct. Prog. (JFP)},
  volume = {6},
  number = {4},
  pages = {657-665},
  year = {1996},
  urlOPT = {http://www.comlab.ox.ac.uk/oucl/work/jeremy.gibbons/publications/thirdht.ps.gz},
  commentOPT = {Earlier version appeared in C. B. Jay, editor, Computing: The Australian Theory Seminar, Sydney, December 1994, p. 62---69.}
}

@inproceedings{MoritaWeakInv,
 author = {Morita, Kazutaka and Morihata, Akimasa and Matsuzaki, Kiminori and Hu, Zhenjiang and Takeichi, Masato},
 title = {Automatic {I}nversion {G}enerates {D}ivide-and-{C}onquer {P}arallel {P}rograms},
 booktitle = {Int. Conf. Prog. Lang. Design and Impl. (PLDI)},
 seriesOPT = {PLDI '07},
 year = {2007},
 isbnOPT = {978-1-59593-633-2},
 locationOPT = {San Diego, California, USA},
 pages = {146--155},
 numpagesOPT = {10},
 urlOPT = {http://doi.acm.org/10.1145/1250734.1250752},
 doiOPT = {10.1145/1250734.1250752},
 acmidOPT = {1250752},
 publisherOPT = {ACM},
 addressOPT = {New York, NY, USA},
 keywordsOPT = {divide-and-conquer parallelism, inversion, program transformation, third homomorphism theorem},
} 

@INPROCEEDINGS{HuDiffusion,
    author = {Zhenjiang Hu and Masato Takeichi and Hideya Iwasaki},
    title = {Diffusion: {C}alculating {E}fficient {P}arallel {P}rograms},
    booktitle = {Int. Work. Partial Eval. and Semantics-Based Prg. Manip. (PEPM)},
    year = {1999},
    pages = {85--94}
}

%Manuel M. T. Chakravarty
% Parallelization of Divide-and-Conquer by Translation to Nested Loops.
%Authors: Christoph A. Herrmann, Christian Lengauer.
%JConf: J. Funct. Program.
%Published Year: 1999 

@book{HammondMichaelson00,
	Address = {London},
	Editor = {Hammond, K. and Michaelson, G.},
	Publisher = {Springer},
	Title = {{Research Directions in Parallel Functional Programming}},
	Year = {2000}}

@article{Hughes89Why,
	Author = {Hughes, John},
	Journal = {The Computer Journal},
	Keywords = {higher order functions lazy evaluation modularity tutorial},
	Number = {2},
	Optmonth = feb,
	Opturl = {http://www.cs.chalmers.se/{\~}rjmh/Papers/whyfp.ps},
	Pages = {98-107},
	Scope = {pearls},
	Title = {Why {F}unctional {P}rogramming {M}atters},
	Volume = {32},
	Year = {1989}}

@inproceedings{Augustsson08Paradise,
	AddressOPT = {New York},
	Author = {Augustsson, Lennart and Mansell, Howard and Sittampalam, Ganesh},
	BooktitleOPT = {{ICFP'08, Proceedings of the 13th ACM SIGPLAN International Conference on Functional Programming}},
  	Booktitle = {Int. Conf. on Funct. Prog. (ICFP)},
	KeywordsOPT = {Haskell, dsels, metaprogramming, paradise},
	LocationOPT = {Victoria, BC, Canada},
	Optbooktitle = {ICFP '08},
	Pages = {225--228},
	PublisherOPT = {ACM},
	Title = {Paradise: {A} {T}wo-{S}tage {DSL} {E}mbedded in {Haskell}},
	Year = {2008}
}

@inproceedings{SPJ00,
	AddressOPT = {New York},
	Author = {{Peyton Jones}, Simon and Eber, Jean-Marc and Seward, Julian},
	Booktitle = {Int. Conf. on Funct. Prog. (ICFP)},
	BooktitleOPT = {{ICFP '00, Proceedings of the Fifth ACM SIGPLAN International Conference on Functional Programming}},
	NoteOPT = {(Later extended to a book chapter)},
	Pages = {280--292},
	PublisherOPT = {ACM},
	Title = {Composing {C}ontracts: an {A}dventure in {F}inancial {E}ngineering (functional pearl)},
	Year = {2000},
}

@inproceedings{Nikola,
	AddressOPT = {New York},
	Author = {Mainland, Geoffrey and Morrisett, Greg},
	Booktitle = {Proceedings of the 3rd ACM International Symposium on Haskell},
	Optkeywords = {cuda, gpu, meta programming},
	Optlocation = {Baltimore, Maryland, USA},
	Optnumpages = {12},
	Optseries = {Haskell '10},
	Pages = {67--78},
	PublisherOPT = {ACM},
	Title = {{Nikola: Embedding Compiled {GPU} Functions in {H}askell}},
	Year = {2010}
}

@inproceedings{ArrayAccelerate,
	AddressOPT = {New York},
	Author = {Chakravarty, Manuel M.T. and Keller, Gabriele and Lee, Sean and McDonell, Trevor L. and Grover, Vinod},
	Booktitle = {International Workshop on Declarative Aspects of Multicore Programming},
	LocationOPT = {Austin, USA},
	Series = {DAMP'11},
	Pages = {3--14},
	PublisherOPT = {ACM},
	Title = {Accelerating {H}askell {A}rray {C}odes with {M}ulticore {GPUs}},
	Year = {2011}
}

@InProceedings{NordParCo11,
author = {Nord, Fredrik and Laure, Erwin},
title = {Monte {C}arlo {O}ption {P}ricing with {G}raphics {P}rocessing {U}nits},
booktitle = {Int. Conf. ParCo},
year = {2011},
publisherOPT = {IOS Press},
}


%giles
@article{GilesLee2010utility,
  title={On the {U}tility of {G}raphics {C}ards to {P}erform {M}assively {P}arallel {S}imulation of {A}dvanced {M}onte {C}arlo {M}ethods},
  author={Lee, A. and Yau, C. and Giles, M.B. and Doucet, A. and Holmes, C.C.},
  journalOPT={Journal of Computational and Graphical Statistics},
  journal={J. Comp. Graph. Stat},
  volume={19},
  number={4},
  pages={769-789},
  year={2010},
  publisherOPT={ASA}
}


%Joshi, Mark S., Graphical Asian Options (September 14, 2009). Available at SSRN: http://ssrn.com/abstract=1473563 or http://dx.doi.org/10.2139/ssrn.1473563
@article{joshi2010graphical,
  title={Graphical {A}sian {O}ptions},
  author={Joshi, M.S.},
  journalOPT={Wilmott~Journal},
  journal={Wilmott J.},
  volume={2},
  number={2},
  pages={97--107},
  year={2010},
  publisherOPT={Wiley Online Library}
}

@article{BlellochCACM96NESL,
	Author = {Blelloch, Guy},
	Journal = {Communications of the {ACM} (CACM)},
	Number = 3,
	Pages = {85-97},
	Title = {Programming {P}arallel {A}lgorithms},
	Volume = 39,
	Year = 1996
}

@inproceedings{nesl-gpu,
  author = {Lars Bergstrom and John Reppy},
  title = {Nested Data-Parallelism on the {GPU}},
  booktitle = {Proceedings of the 17th {ACM} {SIGPLAN} International
    Conference on Functional Programming (ICFP 2012)},
  year = 2012,
  month = sep,
  pages = {247-258}
}

@book{ConcurrentML,
	Author = {Reppy, J. H.},
	Pages = {324},
	Publisher = {Cambridge Univ. Press},
	Title = {Concurrent Programming in {ML}.},
	Xmonth = aug,
	Year = {1999},
	Abstract = {}
}

@ARTICLE{Eden,
  author =       {R. Loogen and Y. Ortega-Mall\'{e}n and R. {Pe\~{n}a-Mar\'{\i}}},
  title =        {{Parallel Functional Programming in Eden}},
  journalOPT =      {{Journal of Functional Programming}},
  journal = {J. of Funct. Prog. (JFP)}, 
  xtitle  =       {{, Special Issue on
                   Functional Approaches to High-Performance Parallel Programming}},
  year =         {2005},
  volume =       {15},
  number =       {3},
  pages =        {431-475},
}

@inproceedings{GpH,
	AddressOPT = {New York},
	Author = {Trinder, P.W. and Hammond, K. and {Mattson Jr.}, J.S. and Partridge, A.S. and {Peyton Jones}, S.L.},
	Booktitle = {Int. Conf. Prg. Lang. Design and Implem. (PLDI)},
	Optaddress = {Philadephia, USA},
	Optbooktitle = {{PLDI'96, ACM SIGPLAN conference on Programming Language Design and Implementation}},
	Optmonth = may,
	Optnote = {\url{http://www.cee.hw.ac.uk/\{\~}{}dsg/gph/papers/ps/gum.ps.gz}},
	Pages = {78--88},
	PublisherOPT = {ACM},
	Title = {{GUM: a Portable Parallel Implementation of Haskell}},
	Year = {1996}}

@techreport{MIT-PH,
	Address = {MIT},
	Author = {Nikhil, R.S. and Arvind and Hicks, J. and Aditya, S. and Augustsson, L. and Maessen, J.-W. and Zhou, Y.},
	Institution = {Laboratory for Computer Science},
	Month = Jan,
	Number = {CSG Memo 369},
	Title = {{pH Language Reference Manual}},
	Url = {ftp://csg-ftp.lcs.mit.edu/pub/papers/csgmemo/memo-369.ps.gz},
	Year = 1995,
	Abstract = {pH is a parallel language obtained by extending
     Haskell. This document must be read in conjunction with the
     Haskell Report since it describes only the extensions.},
	Bdsk-Url-1 = {ftp://csg-ftp.lcs.mit.edu/pub/papers/csgmemo/memo-369.ps.gz}}

@inproceedings{MarlowHS11ParMonad,
 author = {Marlow, Simon and Newton, Ryan and Peyton Jones, Simon},
 title = {{A Monad for Deterministic Parallelism}},
 booktitleOPT = {Proceedings of the 4th ACM symposium on Haskell},
 booktitle={Int. Symp. on Haskell},
 seriesOPT = {Haskell '11},
 year = {2011},
 locationOPT = {Tokyo, Japan},
 pages = {71--82},
 OPTnumpages = {12},
 publisherOPT = {ACM},
 addressOPT = {New York},
} 

%%% IMPERATIVE GPGPU SOLUTIONS:

@inproceedings{PrinciplesMemGPU,
 author = {Ryoo, Shane and Rodrigues, Christopher I. and Baghsorkhi, Sara S. and Stone, Sam S. and Kirk, David B. and Hwu, Wen-mei W.},
 title = {Optimization {P}rinciples and {A}pplication {P}erformance {E}valuation of a {M}ultithreaded {GPU} {U}sing {CUDA}},
 booktitle = {Int. Symp. Princ. and Practice of Par. Prog. (PPoPP)},
 seriesOPT = {PPoPP '08},
 year = {2008},
 isbnOPT = {978-1-59593-795-7},
 locationOPT = {Salt Lake City, UT, USA},
 pages = {73--82},
 numpagesOPT = {10},
 urlOPT = {http://doi.acm.org/10.1145/1345206.1345220},
 doiOPT = {10.1145/1345206.1345220},
 acmidOPT = {1345220},
 publisherOPT = {ACM},
 addressOPT = {New York, NY, USA},
 keywordsOPT = {GPU computing, parallel computing},
} 

@inproceedings{YangMemOptim,
 author = {Yang, Yi and Xiang, Ping and Kong, Jingfei and Zhou, Huiyang},
 title = {A {GPGPU} {C}ompiler for {M}emory {O}ptimization and {P}arallelism {M}anagement},
 booktitle = {Int. Conf. Prog. Lang. Design and Implem. (PLDI)},
 seriesOPT = {PLDI '10},
 year = {2010},
 isbnOPT = {978-1-4503-0019-3},
 locationOPT = {Toronto, Ontario, Canada},
 pages = {86--97},
 numpagesOPT = {12},
 urlOPT = {http://doi.acm.org/10.1145/1806596.1806606},
 doiOPT = {10.1145/1806596.1806606},
 acmidOPT = {1806606},
 publisherOPT = {ACM},
 addressOPT = {New York, NY, USA},
 keywordsOPT = {compiler, gpgpu},
} 

@inproceedings{CudaLite,
 author = {Ueng, Sain-Zee and Lathara, Melvin and Baghsorkhi, Sara S. and Hwu, Wen-Mei W.},
 title = {{CUDA}-{L}ite: {R}educing {GPU} {P}rogramming {C}omplexity},
 booktitle = {Int. Work. Lang. and Compilers for Par. Computing (LCPC)},
 editorOPT = {Amaral, Jos{\'e} Nelson},
 year = {2008},
 isbnOPT = {978-3-540-89739-2},
 pages = {1--15},
 numpagesOPT = {15},
 urlOPT = {http://dx.doi.org/10.1007/978-3-540-89740-8_1},
 doiOPT = {10.1007/978-3-540-89740-8_1},
 acmidOPT = {1485702},
 publisherOPT = {Springer-Verlag},
 addressOPT = {Berlin, Heidelberg},
} 

@inproceedings{Lime,
 author = {Dubach, Christophe and Cheng, Perry and Rabbah, Rodric and Bacon, David F. and Fink, Stephen J.},
 title = {Compiling a {H}igh-{L}evel {L}anguage for {GPU}s},
 booktitle = {Int. Conf. Prg. Lang. Design and Implem. (PLDI)},
 seriesOPT = {PLDI '12},
 year = {2012},
 isbnOPT = {978-1-4503-1205-9},
 locationOPT = {Beijing, China},
 pages = {1--12},
 numpagesOPT = {12},
 urlOPT = {http://doi.acm.org/10.1145/2254064.2254066},
 doiOPT = {10.1145/2254064.2254066},
 acmidOPT = {2254066},
 publisherOPT = {ACM},
 addressOPT = {New York, NY, USA},
 keywordsOPT = {gpu, java, lime, map, opencl, reduce, streaming},
} 

@inproceedings{IrigoinHostAccelOptim,
  author = {Amini, Mehdi and Coelho, Fabien and Irigoin, François and Keryell, Ronan},
  title = {Static {C}ompilation {A}nalysis for {H}ost-{A}ccelerator {C}ommunication {O}ptimization},
  booktitle = {Int. Work. Lang. and Compilers for Par. Computing (LCPC)},
  year = 2011,
  addressOPT = {Fort Collins, Colorado, USA},
  monthOPT = sep
}

@inproceedings{SadayappanCtoCUDA,
  author = {Baskaran, Muthu Manikandan and Ramanujam, J. and Sadayappan, P.},
  booktitle = {Int. Conf. on Compiler Construction (CC)},
  dateOPT = {2010-03-15},
  editorOPT = {Gupta, Rajiv},
  isbnOPT = {978-3-642-11969-9},
  keywordsOPT = {dblp},
  pages = {244-263},
  publisherOPT = {Springer},
  seriesOPT = {Lecture Notes in Computer Science},
  title = {Automatic {C}-to-{CUDA} {C}ode {G}eneration for {A}ffine {P}rograms.},
  urlOPT = {http://dblp.uni-trier.de/db/conf/cc/cc2010.html#BaskaranRS10},
  volumeOPT = 6011,
  year = 2010
}

@inproceedings{EigenmannOpenMPtoGPU,
 author = {Lee, Seyong and Min, Seung-Jai and Eigenmann, Rudolf},
 title = {Open{MP} to {GPGPU}: a {C}ompiler {F}ramework for {A}utomatic {T}ranslation and {O}ptimization},
 booktitle = {Int. Symp. Princ. and Practice of Par. Prog. (PPoPP)},
 seriesOPT = {PPoPP '09},
 year = {2009},
 isbnOPT = {978-1-60558-397-6},
 locationOPT = {Raleigh, NC, USA},
 pages = {101--110},
 numpagesOPT = {10},
 urlOPT = {http://doi.acm.org/10.1145/1504176.1504194},
 doiOPT = {10.1145/1504176.1504194},
 acmidOPT = {1504194},
 publisherOPT = {ACM},
 addressOPT = {New York, NY, USA},
 keywordsOPT = {automatic translation, compiler optimization, cuda, gpu, openmp},
} 

@inproceedings{clean-uniqueness-types,
author={Barendsen, Erik and Smetsers, Sjaak},
title={Conventional and {U}niqueness {T}yping in {G}raph {R}ewrite {S}ystems},
booktitle={Found. of Soft. Tech. and Theoretical Comp. Sci. (FSTTCS)},
year={1993},
volume=761,
pages={41-51},
series={LNCS},
seriesOPT={Lecture Notes in Computer Science},
isbnOPT={978-3-540-57529-0},
editorOPT={Shyamasundar, RudrapatnaK.},
doiOPT={10.1007/3-540-57529-4_42},
publisherOPT={Springer Berlin Heidelberg}
}

@ONLINE{rust,
title = {The {R}ust {P}rogramming {L}anguage},
month = jun,
year = {2013},
url={http://www.rust-lang.org/},
author={Graydon Hoare}
}

@article{barendsen1996uniqueness,
  title={Uniqueness {T}yping for {F}unctional {L}anguages with {G}raph {R}ewriting {S}emantics},
  author={Barendsen, Erik and Smetsers, Sjaak},
  journal={Mathematical Structures in Computer Science},
  volume={6},
  number={6},
  pages={579--612},
  year={1996}
}

@article{keller2010regular,
  title={Regular, {S}hape-{P}olymorphic, {P}arallel {A}rrays in {H}askell},
  author={Keller, Gabriele and Chakravarty, Manuel MT and Leshchinskiy, Roman and Peyton Jones, Simon and Lippmeier, Ben},
  journal={ACM Sigplan Notices},
  volume={45},
  number={9},
  pages={261--272},
  year={2010},
  publisher={ACM}
}

@InProceedings{Chak06DPH,
  author = 	 {{Manuel M. T.} Chakravarty  and Roman Leshchinskiy  and Simon Peyton Jones  and Gabriele Keller and Simon Marlow},
  title = 	 { Data {P}arallel {H}askell: {A} {S}tatus {R}eport},
  booktitleOPT={{DAMP'07, Workshop on Declarative Aspects of Multicore Programming}},
  booktitle={Int. Work. on Decl. Aspects of Multicore Prog. (DAMP)},
  pages = 	 {10--18},
  year = 	 {2007},
  locationOPT = 	 {Nice, France},
  publisherOPT = {ACM},
  addressOPT =   {New York},
  OPTnote = 	 {},
}

@inproceedings{claessen2012expressive,
  title={Expressive {A}rray {C}onstructs in an {E}mbedded {GPU} {K}ernel {P}rogramming {L}anguage},
  author={Claessen, Koen and Sheeran, Mary and Svensson, Bo Joel},
  booktitle={International Workshop on Declarative Aspects of Multicore Programming},
  series = {DAMP'12},
  pages={21-30},
  year={2012},
  organizationOPT={ACM}
}

@incollection{coutts2007rewriting,
  title={Rewriting {H}askell {S}trings},
  author={Coutts, Duncan and Stewart, Don and Leshchinskiy, Roman},
  booktitle={Practical Aspects of Decl. Lang.},
  pages={50--64},
  year={2007},
  publisher={Springer}
}

@inproceedings{chakravarty2011accelerating,
  title={Accelerating {H}askell {A}rray {C}odes with {M}ulticore {GPU}s},
  author={Chakravarty, Manuel MT and Keller, Gabriele and Lee, Sean and McDonell, Trevor L and Grover, Vinod},
  booktitle={Procs. Decl. Aspects of Multicore Prog. (DAMP)},
  pages={3--14},
  year={2011},
  organization={ACM}
}

@inproceedings{mcdonell2013optimising,
  title={Optimising {P}urely {F}unctional {GPU} {P}rograms},
  author={McDonell, Trevor L. and Chakravarty, Manuel MT and Keller, Gabriele and Lippmeier, Ben},
  year=2013,
  booktitle={Procs. of Int. Conf. Funct. Prog. (ICFP)}
}

@phdthesis{svensson2011obsidian,
  title={Obsidian: {GPU} Kernel Programming in {H}askell},
  author={Svensson, Joel},
  year={2011},
  school={Chalmers University of Technology}
}

@article{peyton2002secrets,
  title={Secrets of the {G}lasgow {H}askell {C}ompiler inliner},
  author={Peyton Jones, Simon and Marlow, Simon},
  journal={Journal of Functional Programming},
  volume={12},
  number={4-5},
  pages={393--434},
  year={2002},
  publisher={Cambridge Univ Press}
}



@inproceedings{jones2001playing,
  title={Playing by the {R}ules: {R}ewriting as a {P}ractical {O}ptimisation {T}echnique in {GHC}},
  author={Jones, Simon Peyton and Tolmach, Andrew and Hoare, Tony},
  booktitle={Haskell Workshop},
  volume={1},
  pages={203--233},
  year={2001}
}

@article{grelck2006sac,
  title={{SAC} - {A} {F}unctional {A}rray {L}anguage for {E}fficient {M}ulti-{T}hreaded {E}xecution},
  author={Grelck, Clemens and Scholz, Sven-Bodo},
  journal={International Journal of Parallel Programming},
  volume={34},
  number={4},
  pages={383--427},
  year={2006},
  publisher={Springer}
}

@inproceedings{bergstrom2012nested,
  title={Nested {D}ata-{P}arallelism on the {GPU}},
  author={Bergstrom, Lars and Reppy, John},
  booktitle={Procs. of Int. Conf. Funct. Prog. (ICFP)},
  pages={247--258},
  year={2012},
  organization={ACM}
}

@article{munkIntro,
  title={Introduction to the {N}umerical {S}olution of {P}artial {D}ifferential {E}quations in {F}inance},
  author={Munk, Claus},
  year={2007}
}

@INPROCEEDINGS{LexiFiPricing,
    author = {Cosmin Oancea and Christian Andreetta and Jost Berthold and Alain Frisch and Fritz Henglein},
    title = {Financial {S}oftware on {GPU}s: between {H}askell and {F}ortran},
    booktitle = {Funct. High-Perf. Comp. (FHPC)},
    pages={61--72},
    year = {2012},
    publisher={ACM}
}

@article{segScan,
  title={{S}cans as {P}rimitive {P}arallel {O}perations},
  author={Guy E. Blelloch},
  journal={Computers, IEEE Transactions},
  volume={38},
  number={11},
  pages={1526--1538},
  year={1989}
}

@InProceedings{tfp11hiperfit,
  author =      {Jost Berthold and Andrzej Filinski and Fritz Henglein
                  and {Ken Friis} Larsen and Mogens Steffensen
                  and Brian Vinter},
  title =      {{Functional High Performance Financial IT
                  -- The HIPERFIT Research Center in Copenhagen}},
  OPTbooktitle = {Trends in Functional Programming (TFP'11) - 12th
      International Symposium, Madrid, Spain, May 16-18, 2011,
      Revised Selected Papers},
  booktitle = {Trends in Functional Prog. (TFP) --
               Revised Selected Papers},
  OPTbooktitle = {TFP'11},
  OPTlocation =  {Madrid, Spain},
  pages =      {98--113},
  year =      {2012},
  editorOPT =      {{Pe\~{n}a-Mar\'{i}}, Ricardo and Page, Rex},
  OPTvolume =      {7193},
  OPTseries =    {Lecture Notes in Computer Science},
  series =      {LNCS 7193},
  OPTaddress =      {Berlin/Heidelberg},
  publisher = {Springer},
} 
@INPROCEEDINGS{SummaryMonot,
    author = {Cosmin E. Oancea and Lawrence Rauchwerger},
    title = {A {H}ybrid {A}pproach to {P}roving {M}emory {R}eference {M}onotonicity},
    booktitle = {Int. Lang. Comp. Par. Comp. (LCPC'11)},
    series = {LNCS},
    volume = 7146,
    year = {2013},
    pages = {61-75}
}

@incollection{cheatham1977programming,
  title={Programming {L}anguage {D}esign {I}ssues},
  author={Cheatham Jr, Thomas E},
  booktitle={Design and Implem. of Prog. Lang.},
  booktitleOPT={Design and Implementation of Programming Languages},
  pages={399--435},
  year={1977},
  publisher={Springer}
}

@inproceedings{midki1990issues,
  title={Issues in the {C}ompile-{T}ime {O}ptimization of {P}arallel {P}rograms},
  author={Midki, Samuel P and Padua, David A},
  booktitle={Procs. of Int. Conf. on Parallel Processing},
  volume={2},
  pages={105--113},
  year={1990}
}

@article{bird1989algebraic,
  title={Algebraic {I}dentities for {P}rogram {C}alculation},
  author={Bird, Richard S.},
  journal={The Computer Journal},
  volume={32},
  number={2},
  pages={122--126},
  year={1989},
  publisher={Br Computer Soc}
}

@article{Backus:1978:PLV:359576.359579,
 author = {Backus, John},
 title = {Can {P}rogramming {B}e {L}iberated from the {V}on {N}eumann {S}tyle?: {A} {F}unctional {S}tyle and {I}ts {A}lgebra of {P}rograms},
 journal = {Commun. ACM},
 issue_date = {Aug. 1978},
 volume = {21},
 number = {8},
 month = aug,
 year = {1978},
 issnOPT = {0001-0782},
 pages = {613--641},
 numpages = {29},
 doiOPT = {10.1145/359576.359579},
 acmid = {359579},
 publisher = {ACM},
 address = {New York, NY, USA},
 keywords = {algebra of programs, applicative computing systems, applicative state transition systems, combining forms, functional forms, functional programming, metacomposition, models of computing systems, program correctness, program termination, program transformation, programming languages, von Neumann computers, von Neumann languages},
}

@inproceedings{gill1993short,
  title={A {S}hort {C}ut to {D}eforestation},
  author={Gill, Andrew and Launchbury, John and Peyton Jones, Simon L},
  booktitle={Procs. of Int. Conf. on Functional Prog. Lang. and Computer Arch.},
  pages={223--232},
  year={1993},
  organization={ACM}
}

@article{blelloch1994implementation,
  title={Implementation of a {P}ortable {N}ested {D}ata-{P}arallel {L}anguage},
  author={Blelloch, Guy E and Hardwick, Jonathan C and Sipelstein, Jay and Zagha, Marco and Chatterjee, Siddhartha},
  journal={Journal of parallel and distributed computing},
  volume={21},
  number={1},
  pages={4--14},
  year={1994},
  publisher={Elsevier}
}

@inproceedings{T2Fusion,
 author = {Henriksen, Troels and Oancea, Cosmin Eugen},
 title = {A {T2} {G}raph-{R}eduction {A}pproach to {F}usion},
 booktitle = {Procs. Funct. High-Perf. Comp. (FHPC)},
 seriesOPT = {FHPC '13},
 year = {2013},
 isbn = {978-1-4503-2381-9},
 location = {Boston, Massachusetts, USA},
 pages = {47--58},
 numpagesOPT = {12},
 urlOPT = {http://doi.acm.org/10.1145/2502323.2502328},
 doiOPT = {10.1145/2502323.2502328},
 acmidOPT = {2502328},
 publisher = {ACM},
 addressOPT = {New York, NY, USA},
 keywordsOPT = {autoparallelization, functional language, fusion},
} 

@inproceedings{SizeSlicing,
 author = {Henriksen, Troels and Elsman, Martin and Oancea, Cosmin Eugen},
 title = {Size {S}licing - {A} {H}ybrid {A}pproach to {S}ize {I}nference in {F}uthark},
 booktitle = {Procs. Funct. High-Perf. Comp. (FHPC)},
 seriesOPT = {FHPC '14},
 year = {2014},
 isbnOPT = {978-1-4503-2381-9},
 locationOPT = {Guthenburg, SE.},
 pagesOPT = {47--58},
 numpagesOPT = {12},
 urlOPT = {http://doi.acm.org/10.1145/2502323.2502328},
 doiOPT = {10.1145/2502323.2502328},
 acmidOPT = {2502328},
 publisher = {ACM, SIGPLAN},
 addressOPT = {New York, NY, USA},
 keywordsOPT = {autoparallelization, functional language, fusion},
} 

@article{JikesRVM,
  title={A {S}urvey of {A}daptive {O}ptimization in {V}irtual {M}achines},
  author={Matthew R. Arnold and Stephen Fink and David P. Grove and Michael Hind and and Peter F. Sweeney},
  journal={Proceedings of IEEE},
  volume={92},
  number={2},
  pages={449--466},
  year={2005},
  publisher={Elsevier}
}

@article{Xi:1998:EAB:277652.277732,
 author = {Xi, Hongwei and Pfenning, Frank},
 title = {Eliminating Array Bound Checking Through Dependent Types},
 journal = {SIGPLAN Not.},
 issue_date = {May 1998},
 volume = {33},
 number = {5},
 month = may,
 year = {1998},
 issn = {0362-1340},
 pages = {249--257},
 numpages = {9},
 url = {http://doi.acm.org/10.1145/277652.277732},
 doi = {10.1145/277652.277732},
 acmid = {277732},
 publisher = {ACM},
 address = {New York, NY, USA},
}

@TECHREPORT{Jay97shapechecking,
    author = {C. Barry Jay and Milan Sekanina},
    title = {Shape Checking of Array Programs},
    institution = {In Computing: the Australasian Theory Seminar, Proceedings},
    year = {1997}
}

@MastersThesis{TroelsMSc,
    author     =     {Troels Henriksen},
    title     =     {{Exploiting functional invariants to optimise parallelism: a dataflow approach}},
    school     =     {DIKU},
    address     =     {Denmark},
    year     =     {2014},
}

@article{Sabry:1992:RPC:141478.141563,
 author = {Sabry, Amr and Felleisen, Matthias},
 title = {Reasoning About Programs in Continuation-passing Style.},
 journal = {SIGPLAN Lisp Pointers},
 issue_date = {Jan. 1992},
 volume = {V},
 number = {1},
 month = jan,
 year = {1992},
 issn = {1045-3563},
 pages = {288--298},
 numpages = {11},
 url = {http://doi.acm.org/10.1145/141478.141563},
 doi = {10.1145/141478.141563},
 acmid = {141563},
 publisher = {ACM},
 address = {New York, NY, USA},
}

@INPROCEEDINGS{ GrelckCEFP11,
  AUTHOR    = {Clemens Grelck},
  TITLE     = {{Single Assignment C (SAC):} High Productivity meets High Performance},
  EDITOROPT    = {V. Zs\'ok and Z. Horv\'ath and R. Plasmeijer},
  BOOKTITLE = {Centr. Euro. Funct. Prog. (CEFP)},
  PUBLISHEROPT = {Springer},
  SERIES    = {Lecture Notes in Comp. Sci.},
  VOLUME    = {7241},
  NUMBEROPT    = {},
  YEAR      = 2012,
  PAGES     = {207--278},
  NOTEOPT      = {},
  CONTENTSOPT  = {},
  sourceURLOPT = {},
  TOPICSOPT    = {SAC}
}

@article{SaCShared2005,
  author = {Clemens Grelck},
  title = {Shared Memory Multiprocessor Support for Functional Array Processing in {SAC}},
  journal = {Journal of Functional Programming (JFP)},
  volume = {15},
  number = {3},
  pages = {353--401},
  year = {2005}
}

@ARTICLE{ GrelSchoIJPP06,
  AUTHOR    = {Clemens Grelck and Sven-Bodo Scholz},
  TITLE     = {{SAC}: A Functional Array Language for Efficient Multithreaded Execution},
  JOURNAL   = {Int. Journal of Parallel Programming},
  YEAR         = 2006,
  VOLUME    = {34},
  NUMBER    = {4},
  PAGES     = {383--427},
  NOTEOPT      = {},
  CONTENTSOPT  = {[ISSN: 0885-7458 (Paper) 1573-7640 (Online)]},
  sourceURLOPT = {http://dx.doi.org/10.1007/s10766-006-0018-x},
  TOPICSOPT    = {SAC},
  AFFILOPT     = {ctca}
} 


@inproceedings{Qube,
 author = {Trojahner, Kai and Grelck, Clemens},
 title = {Descriptor-free Representation of Arrays with Dependent Types},
 booktitle = {Procs. Int. Conf. on Implem. and Appl. of Funct. Lang. (IFL)},
 year = {2011},
 isbn = {978-3-642-24451-3},
 location = {Hatfield, UK},
 pages = {100--117},
 numpagesOPT = {18},
 urlOPT = {http://dl.acm.org/citation.cfm?id=2044476.2044482},
 acmidOPT = {2044482},
 publisherOPT = {Springer-Verlag},
 addressOPT = {Berlin, Heidelberg},
} 

@ARTICLE{OP2PerfAnOpt,
  AUTHOR    = {M.~B. Giles and G.~R. Mudalige and Z. Sharif and G. Markall and P.~H.~J. Kelly},
  TITLE     = {Performance {A}nalysis and {O}ptimisation of the {OP2} {F}ramework on {M}any-core {A}rchitectures},
  JOURNAL   = {The Computer Journal},
  YEAR         = 2011,
  DOI = {10.1093/comjnl/bxr062}
} 

@Book{IntelTBB,
  author = 	"Reinders, James",
  title = 	"Intel {T}hreading {B}uilding {B}locks: {O}utfitting {C++} for {M}ulti-core {P}rocessor {P}arallelism",
  publisher = 	"O'Reilly Media",
  year = 	"2007",
  month =       "July",
  isbn = {978-0-596-51480-8}
}

@inproceedings{DetGalois,
  author = {Donald Nguyen and Andrew Lenharth and Keshav Pingali},
  title = {Deterministic {Galois}: On-demand, Portable and Parameterless},
  booktitle = {Procs. Int. Conf. Arch.
	Support for Prog. Lang. and Op. Sys. (ASPLOS)},
  year = {2014},
  urlOPT = {http://iss.ices.utexas.edu/Publications/Papers/nguyen14.pdf}
}

@inproceedings{CIV,
  author = {Cosmin E. Oancea and Lawrence Rauchwerger},
  title = {Scalable {C}onditional {I}nduction {V}ariable ({CIV}) {A}nalysis},
  booktitle = {Procs. Int. Symp. Code Generation and Optimization (CGO)},
  year = {2015}
}

@inproceedings{MartinTypelets,
  author = {Martin Elsman and Anders Schack-Nielsen},
  title = {Typelets - {A} {R}ule-{B}ased {E}valuation {M}odel for {D}ynamic, {S}tatically {T}yped {U}ser {I}nterfaces},
  booktitle = {Int. Symp. on Practical Aspects of Declarative Languages (PADL)},
  year = {2014}
}

@inproceedings{PatrickContractLang,
  author = {Patrick Bahr and Jost Berthold and Martin Elsman},
  title = {Towards {C}ertified {M}anagement of {F}inancial {C}ontracts},
  booktitle = {In Proc. of 26th Nordic Workshop on Programming Theory (NWPT)},
  year = {2014}
}

@inproceedings{KenStochasticDSL,
 author = {Fl{\ae}n{\o} Werk, Michael and Ahnfelt-R{\o}nne, Joakim and Larsen, Ken Friis},
 title = {An Embedded DSL for Stochastic Processes: Research Article},
 booktitle = {Procs. Funct. High-Perf. Comp. (FHPC)},
 year = {2012},
 isbnOPT = {978-1-4503-1577-7},
 locationOPT = {Copenhagen, Denmark},
 pages = {93--102},
 numpagesOPT = {10},
 urlOPT = {http://doi.acm.org/10.1145/2364474.2364488},
 doiOPT = {10.1145/2364474.2364488},
 acmidOPT = {2364488},
 publisher = {ACM},
 addressOPT = {New York, NY, USA}
} 

@inproceedings{SadayLowBound,
 author = {Elango, Venmugil and Rastello, Fabrice and Pouchet, Louis-No\"{e}l and Ramanujam, J. and Sadayappan, P.},
 title = {On {C}haracterizing the {D}ata {A}ccess {C}omplexity of {P}rograms},
 booktitle = {Procs. Symp. Principles of Prog. Lang. (POPL)},
 seriesOPT = {POPL '15},
 year = {2015},
 isbnOPT = {978-1-4503-3300-9},
 locationOPT = {Mumbai, India},
 pages = {567--580},
 numpagesOPT = {14},
 urlOPT = {http://doi.acm.org/10.1145/2676726.2677010},
 doiOPT = {10.1145/2676726.2677010},
 acmidOPT = {2677010},
 publisher = {ACM},
 addressOPT = {New York, NY, USA}
} 

@inproceedings{SadayStatDynCodeGen,
 author = {Ravishankar, Mahesh and Dathathri, Roshan and Elango, Venmugil and Pouchet, Louis-No\"{e}l and Ramanujam, J. and Rountev, Atanas and Sadayappan, P.},
 title = {Distributed {M}emory {C}ode {G}eneration for {M}ixed {I}rregular/{R}egular {C}omputations},
 booktitle = {Procs. Symp. on Principles and Practice of Parallel Prog. (PPoPP)},
 seriesOPT = {PPoPP 2015},
 year = {2015},
 isbnOPT = {978-1-4503-3205-7},
 locationOPT = {San Francisco, CA, USA},
 pages = {65--75},
 numpagesOPT = {11},
 urlOPT = {http://doi.acm.org/10.1145/2688500.2688515},
 doiOPT = {10.1145/2688500.2688515},
 acmidOPT = {2688515},
 publisher = {ACM},
 addressOPT = {New York, NY, USA}
} 
